1938 3153
50 909 58 918 s

411 168 440 214 8

345 283 606 343 μηγορικόν)
622 290 665 327 et
676 284 890 341 judiciale
906 284 1184 340 (δικανικόν),
1208 286 1380 341 species
1402 284 1531 344 (εἴδη)
1552 292 1697 329 autem
1715 285 1828 329 dixit

348 369 450 397 esse
494 360 691 410 sept-em,
737 353 957 398 suadendi·
988 352 1344 412 (προτρεπτικόν)
1377 353 1669 399 dissuadendi
1699 351 1827 411 (ἄπο-

343 467 392 501 ris
419 468 575 514 propriae
601 469 691 510 sint,
728 468 793 504 sed
820 469 986 504 omnibus
1023 469 1229 515 promiscue
1270 470 1461 514 generibus
1489 482 1707 505 communes.
1756 472 1820 504 At-

343 537 415 572 que
440 527 685 562 Anaximenes
710 528 854 562 nomina
880 533 1021 573 septem
1047 527 1199 574 partium
1225 528 1368 573 posuit,
1392 517 1458 564 sed
1484 528 1584 576 ipsas
1615 536 1737 576 partes
1768 527 1820 563 in-

343 584 463 619 sciens
490 579 526 619 et
551 581 758 631 imprudens
784 584 959 619 statuisse
995 583 1136 619 videtur
1169 595 1253 619 esse
1280 578 1375 621 octo.
1437 586 1680 621 Distribuendi
1716 586 1821 632 igitur

343 642 435 677 ratio
473 643 517 682 ab
554 643 615 678 illo
641 642 724 676 inita
751 642 825 677 haec
853 642 934 676 mihi
959 641 1099 676 videtur
1123 641 1263 677 fuisse.

893 700 997 745 γένος
1022 696 1275 748 δημηγορικόν

707 752 1353 788 f———dh——-

588 778 899 827 προτρεπτικόνμ
1159 796 1161 798 ·
1272 763 1574 827 &ummo-tumim
1598 815 1600 817 .

589 833 880 883 ἇπῦῒρέπῒικόν.
1130 867 1133 869 .
1270 838 1459 884 ψέκῒῦκον

909 926 911 928 ’
927 930 1032 974 γένος
1045 925 1246 963 ’δικανικόν
1360 934 1363 936 ’

452 996 711 1042 κατηγορικὸν.
762 1034 764 1036 ,
1003 997 1235 1039 ἐξεταστικὸν
1259 996 1347 1031 αὐτὸ
1371 996 1456 1033 καθ’
1483 995 1605 1033 ἑαυτό.

422 1102 425 1104 -
453 1050 738 1104 οἷπολογητ-ικόν.
1007 1048 1060 1096 ἐξ.
1087 1055 1183 1101 πρὸς
1208 1045 1294 1089 ἄλλο
1320 1051 1815 1102 (συμπαραλαμβανόμενον).

1080 1112 1289 1147 cfic.5et
1319 1113 1374 1147 37.
1424 1103 1453 1143 f

338 1166 419 1202 Hoc
444 1168 568 1210 modo,
611 1169 773 1214 quamvis
816 1180 888 1203 non
931 1180 1082 1214 prorsus
1111 1175 1211 1215 apte,
1252 1170 1451 1204 institutam
1493 1176 1611 1204 tamen
1649 1181 1731 1204 esse
1770 1169 1815 1226 ab

338 1225 562 1263 Anaximene
601 1226 827 1261 divisionem
852 1226 1015 1260 arbitror.
1079 1225 1216 1269 Quat-‚e
1242 1228 1370 1262 sinon
1397 1235 1538 1275 aperte,
1564 1233 1599 1261 at-
1624 1238 1704 1261 vere
1730 1237 1815 1273 spe-

338 1283 411 1317 cies
437 1284 630 1333 generibus
670 1283 855 1334 subjectns
894 1284 1016 1317 voluit.
1077 1283 1189 1328 Cujus
1218 1285 1360 1329 quidem
1390 1286 1440 1319 rei
1479 1285 1627 1329 vestigia
1663 1285 1696 1317 in
1734 1284 1815 1335 ipso
1853 1323 1857 1327 ,

336 1339 429 1374 libro
455 1340 511 1375 bic
537 1340 606 1375 illic
632 1348 816 1387 apparent
859 1339 985 1381 Quum
1011 1340 1102 1373 enim
1121 1351 1197 1385 cap.
1218 1340 1270 1374 18.
1292 1353 1325 1386 p.
1344 1341 1423 1386 204,
1437 1340 1514 1375 28-
1530 1341 1584 1375 30.
1602 1340 1658 1377 ed.
1675 1340 1814 1374 Teubn.

336 1396 461 1441 (1853)
486 1396 532 1432 de
559 1398 816 1445 anticipatione
852 1395 1166 1444 (προκαταλήψει)
1203 1398 1336 1444 agitur,
1372 1398 1450 1443 ejus
1493 1399 1541 1432 rei
1579 1398 1743 1432 tractatio
1781 1398 1815 1432 in

337 1455 429 1490 duas
467 1463 591 1502 partes
631 1456 812 1496 dividitur,
852 1467 1014 1502 quarum¹
1039 1467 1110 1489 uua
1146 1454 1192 1490 de
1229 1451 1478 1500 δημηγορίαις
1502 1463 1578 1496 est,
1619 1456 1729 1490 altera
1770 1454 1816 1489 de

337 1509 623 1561 δικαιολογίαις-ε
662 1511 701 1547 ἐν
734 1512 803 1557 μὲν
838 1505 902 1546 οὖν
938 1512 1021 1547 ταῖς
1047 1509 1295 1562 δημηγορίαις
1320 1509 1415 1545 οὕτω
1439 1515 1501 1545 καὶ
1524 1513 1607 1547 ταῖς
1629 1510 1817 1560 προκαταὲ

335 1567 472 1638 λήψεσι
496 1571 678 1621 χρηστέον
701 1573 762 1604 καὶ
786 1570 868 1605 τοῖς
894 1566 1078 1616 θορύβοις
1104 1567 1359 1612 ἀπαντητέον”
1392 1566 1431 1603 ἐν
1456 1565 1496 1603 δε
1521 1571 1604 1605 ταῖς
1632 1567 1817 1604 δικαιολο-

334 1627 433 1671 γίαις
471 1612 851 1673 προκαταληψόμεθα
885 1626 954 1671 μὲν
993 1623 1264 1674 ὁμοιοτρόπως
1295 1627 1377 1660 τοῖς
1411 1628 1702 1673 προειρημένοις
1736 1624 1814 1660 κτλ.

335 1682 384 1718 Et
420 1695 505 1718 vero
546 1684 579 1718 in
619 1695 663 1718 eo
701 1695 850 1718 numero
890 1690 946 1717 est
981 1679 1318 1728 προκατάληψις,’
1321 1676 1384 1715 ’ὦν
1406 1679 1654 1729 προσδέονται
1687 1682 1815 1731 κοινῇ”

334 1742 384 1787 (p.
399 1741 480 1781 191,
494 1741 554 1783 23)
577 1741 624 1774 τὰ
652 1738 749 1784 εἶ’.δη
801 1740 972 1774 Similiter
997 1751 1026 1774 c.
1050 1739 1107 1773 36.
1130 1751 1164 1784 p.
1190 1738 1269 1780 231,
1295 1738 1352 1773 6α
1366 1739 1387 1772 8
1412 1736 1574 1782 τάξομεν
1603 1737 1643 1773 δὲ
1666 1741 1720 1773 τὰ
1746 1737 1817 1773 δι-

335 1798 506 1832 κανικὰ
540 1797 728 1843 προοίμια
751 1798 818 1831 τὸν
857 1794 970 1830 αὐτὸν
1003 1793 1159 1843 τρόπον,
1186 1792 1298 1841 ὅνπερ
1333 1797 1394 1828 καὶ
1420 1795 1474 1829 τοὶ
1500 1792 1813 1842 δημηγορικοὶ.

335 1855 388 1890 lb.
415 1868 447 1901 p.
473 1854 555 1896 233,
582 1854 721 1888 18—22
747 1851 839 1888 ὅθεν
861 1851 901 1888 δὲ
926 1852 1042 1887 ταῦτα
1064 1854 1218 1898 γίνεται,
1245 1850 1283 1885 ἐν
1306 1851 1366 1895 τῷ
1393 1849 1701 1898 δημηγορικῷ
1737 1855 1814 1886 καὶ

337 1910 416 1946 ἐπὶ
455 1911 546 1945 τῶν
579 1910 868 1958 προτροπῶν
900 1914 979 1943 καὶ
1018 1908 1313 1955 ἀποτροπῶν
1351 1904 1570 1955 εἰρήκαμεν,
1607 1912 1669 1942 καὶ
1697 1908 1736 1943 ἐν
1761 1908 1814 1953 τῷ

337 1966 596 2014 ἀπολογητικῷ
623 1965 717 2001 εἴδει
742 1966 862 2008 πάλινι
878 1966 939 2001 ἐπὶ
963 1964 1131 2012 τελευτῆς
1159 1962 1338 2009 διέξιμεν.
1375 1967 1442 2000 τὸν
1463 1965 1532 2009 μὲν
1569 1959 1632 1999 οὖν
1662 1964 1815 2012 πρῶτον

336 2022 456 2070 λόγον,
483 2022 549 2058 ἐὰν
572 2023 850 2070 κατηγορῶμεν,
879 2022 917 2057 ἐν
940 2024 1042 2058 τοῖς
1070 2020 1344 2057 δικανικοῖς
1370 2020 1466 2056 οὕτω
1496 2021 1728 2066 ουνθήσομεν
1752 2025 1814 2056 καὶ

333 2080 518 2125 τάξομεν,
556 2081 773 2128 Ubicunque
799 2073 949 2115 enimin
977 2076 1179 2114 universum
1207 2079 1252 2113 de
1277 2080 1468 2127 generibus
1496 2078 1695 2113 orationum
1714 2072 1813 2114 menss

335 2140 470 2173 tionem
496 2139 581 2173 facit
606 2139 755 2180 Rhetor,
782 2135 1014 2185 δημηγορίας
1051 2138 1112 2180 (τὰ
1151 2133 1400 2183 δημηγορικοὶ)
1425 2148 1569 2183 semper
1591 2136 1675 2171 ταῖς
1696 2132 1814 2170 δι’και-

337 2194 501 2241 ολογίαις
538 2191 633 2242 (τοῖς
670 2192 885 2236 δικανικοῖς)
912 2195 1073 2239 opponit.
1128 2195 1180 2228 Τὸ
1215 2191 1448 2233 ἐξεταστικὸν
1483 2191 1584 2229 εἶδος
1617 2200 1734 2228 autem
1766 2193 1812 2229 ad

333 2253 438 2299 γένος
464 2241 653 2285 δικανικὸν
675 2251 808 2286 referre
834 2245 1004 2296 oportere
1030 2251 1134 2284 testis
1162 2248 1319 2296 quodam
1350 2249 1458 2284 modo
1485 2258 1540 2285 est
1567 2256 1603 2285 et
1627 2249 1813 2293 Quint-ilia-

333 2322 402 2344 nus
429 2309 453 2343 1.
481 2309 523 2343 O.
549 2308 609 2349 111,
631 2309 670 2349 ⁴4,
696 2308 717 2342 9
754 2302 861 2350 (ln-es
902 2309 1030 2342 ultimae
1062 2307 1242 2353 judicialis
1280 2308 1422 2353 generis
1460 2316 1544 2343 sunt
1580 2308 1740 2356 partes”)
1776 2315 1813 2344 et

333 2365 479 2401 Ernesti
504 2364 594 2400 Lex.
619 2374 649 2400 s.
675 2378 706 2400 v.
733 2363 977 2406 ἐξετάζεσθαι
1003 2370 1038 2399 et
1063 2375 1148 2398 vero
1185 2364 1263 2410 ipse
1291 2365 1530 2400 Anaximenes
1556 2378 1584 2399 c.
1611 2366 1656 2400 36
1681 2367 1755 2401 init.
1777 2379 1812 2413 p.

335 2423 415 2464 228,
441 2422 506 2457 22:
541 2423 698 2456 Λοιπὸν
723 2418 766 2455 δέ
792 2420 892 2455 ἐστιν
915 2418 1006 2465 η’μῖν
1031 2417 1131 2455 εἶδος
1165 2417 1208 2454 τό
1233 2432 1273 2453 τε
1299 2423 1542 2468 κατηγορικὸν
1564 2426 1626 2456 καὶ
1651 2424 1694 2457 τὸ
1720 2421 1813 2458 ἄπο-

333 2478 528 2526 λογητικὸν
562 2482 623 2513 καὶ
657 2480 700 2513 τὸ
727 2473 974 2520 ἐξεταστικόν.
1026 2477 1113 2520 Quae
1140 2476 1184 2512 de
1209 2477 1279 2511 hoc
1304 2477 1385 2511 loco
1423 2478 1592 2526 Spengel.
1618 2479 1811 2515 Commen-

333 2545 399 2574 tar.
425 2538 459 2571 in
485 2538 602 2570 Anax.
627 2549 662 2583 p.
685 2536 754 2570 240
781 2544 816 2571 et
844 2536 967 2571 Finkh.
994 2548 1027 2582 p.
1054 2534 1099 2568 10
1124 2534 1364 2581 scripserunt,
1400 2547 1440 2571 ea
1474 2538 1551 2572 sine
1577 2536 1686 2572 dubio
1713 2544 1811 2573 recte

333 2596 519 2642 disputata
557 2599 652 2629 sunt.
713 2593 833 2628 Nihilo
872 2601 990 2628 tamen
1028 2593 1143 2627 minus
1182 2592 1301 2627 dicere
1337 2594 1497 2628 voluisse
1522 2594 1662 2629 videtur
1687 2601 1813 2630 auctor

332 2653 429 2694 libri,
455 2664 526 2687 una
553 2657 654 2698 parte
679 2652 850 2693 materiae,
876 2663 981 2699 quam
1009 2650 1075 2685 sibi
1102 2650 1376 2697 proposuisset,
1401 2658 1630 2698 pertractata,
1656 2657 1812 2696 restare,

333 2717 373 2745 ut
398 2710 442 2745 ad
472 2711 638 2750 alteram,
676 2721 746 2756 qua
785 2710 927 2756 quidem
961 2708 1144 2744 accusatio
1178 2715 1214 2743 et
1246 2707 1409 2743 defensio
1441 2714 1478 2743 et
1505 2709 1696 2756 exquisitio
1724 2721 1812 2746 con-
