1938 3153
309 179 366 222 46

309 291 607 346 Ἐπίλογος.
1065 287 1359 343 Ἐπίλογος.
1390 289 1413 347 ξ
1449 290 1575 335 8-9.

251 361 456 411 Debetis‚
495 360 693 418 judiees,
745 365 790 403 et
837 359 1038 426 injuriaI.
1101 357 1334 408 Vestrum,
1378 358 1575 425 judices,
1629 359 1748 415 ipso-

309 418 493 461 affectos
538 418 693 461 ulcisci
730 423 774 460 et
803 417 845 459 in
876 419 993 459 inso-
1093 429 1188 457 rum
1221 415 1501 457 commodum
1519 414 1748 485 sispecta-

306 477 485 519 lentiam
517 475 753 518 vindicare.
785 474 864 530 §Z
885 489 995 531 προ·
1100 473 1176 520 tis,
1209 486 1275 513 me
1306 473 1537 515 absolvite.
1569 473 1661 528 §8
1698 466 1748 517 εὖ

306 535 488 592 αίρεσις.
1094 530 1355 572 διαθέσθαι.

1011 589 1060 631 11.
1098 587 1368 645 προαίρεσις.
1403 586 1491 644 59.

267 705 374 739 nobis
401 709 542 739 stantes
570 702 770 738 videbimus
809 702 1086 748 obnoxiique
1123 702 1287 736 erimus
1326 708 1368 736 et
1405 700 1541 736 caedis
1573 702 1744 736 crimini

266 768 311 796 et
335 761 483 796 errori
503 760 719 808 judicum.

362 819 405 853 11
453 819 537 854 ταῖς
563 815 604 853 δὲ
629 821 734 865 χερσὶ
757 815 986 861 τυπτόμενος
1009 814 1066 851 ὑπ’
1087 814 1210 857 αὐτοῦ,
1237 816 1319 851 ταῖς
1330 817 1456 862 χερσὶν
1471 815 1567 862 ἅπερ
1586 814 1746 859 ἐέταοχον

265 873 465 925 ἀντιδρῶν,
492 874 638 923 πότερα
661 872 835 919 ἤδίκουν;
863 874 948 910 εἷεν.
999 875 1084 910 Haec
1110 886 1192 909 num
1220 885 1308 909 sana
1332 874 1418 915 sint,
1448 875 1481 908 in
1508 873 1652 908 dubium
1679 886 1743 908 vo·

265 936 338 969 cari
365 940 501 981 potest.
549 934 727 981 Suspicor
752 945 817 980 pro
842 936 973 969 EIEN
992 932 1181 980 legendum
1206 934 1329 966 HMH
1352 943 1454 967 esse:
1478 930 1642 979 πότερον
1663 929 1745 977 ἡδί-

263 1004 353 1025 novat
373 990 399 1036 ἢ
420 990 500 1036 μή;
526 992 566 1027 ln
591 989 795 1037 βεβαιώσει
819 989 859 1024 ἐκ
881 990 947 1024 τοῦ
970 988 1115 1025 δικαίου
1137 991 1206 1024 hoc
1233 990 1313 1024 mihi
1338 990 1467 1036 requiri
1493 990 1642 1024 videtur.
1685 990 1742 1024 Ad

263 1046 290 1092 ἢ
312 1047 364 1092 μή
391 1049 660 1095 intelligendum
692 1054 750 1083 est
773 1049 856 1084 ταῖς
880 1051 1006 1095 χερσὶν
1031 1046 1127 1095 ἅπερ
1152 1047 1313 1090 ἔπασχον
1337 1043 1533 1094 ἀντιὸρῶν.
1582 1047 1659 1081 Alia
1687 1054 1744 1081 est

264 1106 362 1140 verbi
388 1103 464 1140 εἶεν
487 1107 579 1140 ratio
606 1107 639 1140 in
667 1106 729 1140 Or.
754 1105 791 1138 V
815 1105 833 1149 §
862 1105 906 1137 58
932 1105 1004 1138 init.

361 1163 405 1197 12
454 1163 529 1197 εἴτε
555 1164 625 1209 γὰρ
653 1159 673 1196 6
697 1160 887 1202 πατάξας,
916 1158 980 1194 διὰ
1004 1161 1072 1204 τὴν
1101 1158 1244 1207 πληγήν
1275 1158 1502 1207 βιασάμενος
1535 1156 1629 1204 ὑμᾶς
1662 1158 1742 1194 ἐπι-

262 1219 478 1265 τρεφθῆναι
516 1214 634 1266 ἰατρῷ
668 1217 809 1263 μᾶλλον
833 1217 899 1252 τοῦ
933 1215 1219 1254 ἀποκτείναντος
1252 1216 1384 1262 φονεύς
1420 1216 1530 1258 ἐστιν,
1570 1215 1590 1251 6
1623 1214 1739 1264 ἄρξας

260 1275 328 1320 τῆς
352 1273 493 1323 πληγῆς
522 1278 655 1321 φονεὺς
679 1277 852 1323 γίγνεται.
903 1275 957 1310 De
990 1275 1059 1311 hoc
1091 1276 1175 1311 loco
1205 1276 1350 1323 Kayser
1381 1274 1504 1310 Rhein.
1536 1274 1629 1310 Mus.
1654 1274 1737 1316 XII,

263 1334 351 1367 233:
377 1353 392 1359 -
419 1353 435 1359 -
460 1333 561 1368 ”eine
588 1334 763 1380 doppelte
790 1334 1008 1379 Corruption
1035 1354 1050 1360 -
1077 1354 1094 1362 -
1118 1333 1206 1368 Hier
1230 1334 1323 1368 kann
1348 1341 1489 1368 erstens
1515 1330 1742 1378 βιασάμενος

262 1388 544 1438 ἐπιτρεφθῆναι
567 1387 662 1436 ὑμᾶς
686 1386 804 1438 ἰατρῷ
828 1403 895 1426 nur
920 1391 1117 1433 bodemen,
1144 1391 1208 1427 der
1226 1391 1330 1427 Greis
1348 1391 1440 1426 habe
1459 1391 1557 1426 scine
1575 1388 1742 1425 Freunde

260 1449 452 1495 genfithigt
471 1448 552 1482 dem
577 1449 669 1482 Arzt
694 1449 770 1482 sich
796 1461 838 1483 zu
857 1450 1081 1496 siben-geben,
1107 1456 1212 1483 statt:
1238 1461 1277 1483 er
1292 1450 1452 1495 nothigte
1478 1450 1530 1483 sie
1548 1449 1606 1482 ihn
1625 1447 1743 1482 selbst

261 1505 343 1540 dem
370 1508 458 1540 Arzt
483 1517 526 1540 zu
550 1506 774 1553 fibergeben,
801 1505 835 1541 d.
862 1506 895 1540 h.
922 1506 990 1541 den
1018 1506 1110 1542 Rath
1126 1506 1217 1542 dazu
1243 1519 1285 1541 zu
1310 1506 1491 1548 ertheiien.
1543 1506 1634 1540 Aiso
1653 1504 1740 1539 wird

261 1560 530 1609 συμβουλεῦσαι
556 1575 619 1597 νοι·
649 1561 744 1607 ὑμᾶς
773 1561 1050 1609 ἐπιτρεφθῆναι
1077 1565 1173 1599 nicht
1198 1564 1316 1599 sehlen
1354 1563 1491 1599 diii-fen.
1552 1562 1655 1597 Dann
1693 1563 1741 1596 ist

261 1620 318 1655 die
355 1620 385 1655 F
389 1621 563 1668 olgerung
588 1617 608 1654 6
635 1616 752 1667 ἄρξας
788 1619 854 1664 τῆς
883 1618 1024 1667 πληγῆς
1057 1622 1190 1666 φονεὺς
1221 1623 1361 1668 γίνεται
1397 1622 1475 1656 eine
1513 1621 1597 1656 sehr
1626 1620 1739 1655 nicht-

261 1678 439 1724 sagende,
466 1678 556 1712 oder
581 1678 771 1724 cigentlich
798 1678 917 1718 keine,
944 1679 1103 1713 sondern
1130 1679 1207 1714 ffillt
1232 1691 1437 1713 zusammen
1464 1679 1523 1712 mit
1562 1679 1626 1712 der
1652 1678 1739 1712 Pra-

261 1736 374 1770 misse
400 1734 475 1768 εἴτε
499 1736 569 1781 γὰρ
598 1732 617 1768 6
640 1732 810 1775 πατάξας
842 1754 874 1759 --
904 1731 1043 1779 μᾶλλον
1066 1734 1132 1770 τοῦ
1158 1732 1443 1771 ἀποκτείναντος
1471 1733 1602 1781 φονεύς
1626 1735 1737 1769 ἐστιν.

262 1792 366 1828 Ganz
393 1791 524 1826 andere
550 1791 676 1838 gerith
703 1792 790 1825 aber
815 1790 880 1826 der
909 1791 1141 1833 Schlussatz,
1166 1804 1268 1827 wenn
1294 1804 1374 1827 man
1401 1793 1475 1827 εἴτε
1508 1794 1578 1840 γὰρ
1612 1790 1631 1826 6
1670 1804 1741 1826 πα-

260 1846 377 1889 τάξας
402 1846 534 1893 φονεύς
558 1846 658 1882 ἐστιν
681 1848 928 1883 voranstellt.”
988 1849 1175 1897 Sagaciter
1204 1851 1285 1885 hoc.
1343 1850 1497 1885 Videtur
1533 1857 1651 1885 tamen
1690 1851 1740 1884 vir

262 1906 497 1942 doctissimus
516 1905 790 1941 demonstrasse
805 1907 938 1953 potius,
966 1907 1045 1942 hui«,-
1069 1908 1151 1943 loco
1178 1908 1385 1944 medicinam
1413 1920 1505 1956 opus
1520 1920 1615 1952 esse,
1634 1920 1740 1956 quam

258 1965 338 2011 ipse
364 1963 575 1999 medicinam
603 1963 820 1999 adhibuisse.
870 1964 909 1999 In
936 1973 1104 2012 promptu
1130 1973 1188 2002 est
1213 1967 1408 2013 suspicari,
1440 1968 1601 2014 protasin
1631 1967 1738 2013 hujus

259 2022 519 2057 enunciationis
547 2022 645 2057 init-io
672 2023 706 2057 in
734 2022 806 2057 duo
833 2021 983 2057 divisam
1009 2022 1122 2058 fuisse
1148 2024 1324 2065 membra,
1359 2037 1510 2071 quorum
1550 2032 1739 2071 utrumque

259 2091 281 2115 a
306 2091 395 2115 voce
421 2080 496 2114 εἴτε
521 2081 704 2127 inciperet.
755 2078 863 2121 Quod
890 2081 920 2114 si
947 2081 993 2115 ita
1021 2081 1084 2121 sit,
1123 2093 1230 2128 quum
1268 2083 1444 2116 sententia
1484 2084 1629 2128 expleta
1655 2083 1738 2122 erit,

257 2138 332 2172 haec
356 2137 431 2172 fere
457 2137 595 2172 dixisse
622 2138 806 2183 putabitur
829 2138 1034 2184 Antiphon:
1060 2137 1135 2173 εἴτε
1157 2139 1228 2184 γὰρ
1255 2136 1275 2173 6
1299 2137 1467 2179 πατάξας
1484 2135 1546 2173 διὰ
1563 2140 1631 2182 τήν
1648 2137 1739 2182 πλη-

258 2196 339 2241 γὴν,
379 2194 476 2229 εἴτε
512 2197 588 2228 καὶ
621 2192 640 2229 6
672 2192 898 2240 βιασάμενος
923 2192 1017 2240 υμᾶς
1039 2196 1162 2239 (intell.
1189 2194 1297 2239 ὥστε)
1320 2194 1597 2243 ἐπιτρεφθῆναι
1622 2190 1738 2242 ιατρῷ

260 2250 337 2286 κτλ.
388 2251 441 2286 Cf.
465 2264 498 2298 y,
524 2251 555 2285 4.
582 2253 612 2284 5.
663 2250 743 2285 Hoc
770 2252 982 2287 confirmant
1007 2265 1152 2321 quoque
1178 2265 1239 2294 ea,
1277 2265 1355 2300 quae
1388 2263 1604 2300 sequuntur:
1629 2247 1738 2289 οἶτος

257 2311 328 2356 γὰρ
356 2306 538 2355 ἠνάγκασε
565 2306 632 2343 τόν
654 2320 694 2342 τε
719 2306 951 2353 αμυνόμενον
976 2311 1034 2352 (-
1061 2310 1135 2344 εὐτε
1158 2311 1228 2358 γὰρ
1255 2308 1274 2344 6
1299 2308 1481 2352 πατάξας)
1505 2308 1738 2344 αντιτὺπτειν

258 2365 326 2402 τόν
348 2379 389 2402 τε
412 2365 597 2414 πληγέντα
631 2367 690 2412 (-
717 2361 792 2401 εἶτε
820 2369 881 2400 καὶ
914 2363 934 2400 6
964 2365 1205 2412 βιασάμενος)
1241 2366 1302 2401 ἐπὶ
1337 2369 1403 2401 τὸν
1439 2363 1567 2416 ἰατρὸν
1597 2365 1734 2403 ἐλθεῖν.

255 2423 345 2467 Quae
372 2437 480 2472 quum
506 2426 553 2460 ita
580 2426 669 2467 sint,
694 2435 1001 2472 supervacaneum
1029 2436 1113 2459 esse
1138 2424 1224 2460 illud
1251 2423 1528 2471 συμβουλεῦσαι,
1552 2435 1714 2473 apparet.
