1938 3153
319 209 376 252 62

319 324 359 382 c)
390 323 471 367 sed
503 325 727 368 recusavit
755 325 830 368 ille
857 350 902 358 -
927 325 951 382 ἓ
983 326 1039 368 24
1068 349 1110 358 -—

316 393 363 451 d)
396 392 674 449 Quamquam
706 394 881 435 maximi
913 393 1119 436 momenti
1137 400 1241 437 sunt
1264 400 1521 452 argumenta
1542 411 1597 439 ex
1613 396 1736 439 testi·

347 461 506 502 moniis
539 470 726 516 sumpta.
757 460 780 515 ἓ
813 461 867 502 25
895 487 941 495 -
967 460 1019 503 cf.
1050 461 1190 503 Anax.
1222 461 1319 512 200,
1349 462 1387 504 4.
1420 462 1517 512 202,
1548 464 1615 507 29.
1646 466 1736 507 An-

347 528 455 585 tiph.
490 527 544 578 V,
576 529 631 571 32
660 553 703 561 —-
729 528 838 576 ἔθος
865 553 909 559 -

318 597 353 653 ²)
386 603 431 654 a)
464 596 611 649 Quare
642 596 764 651 quod
795 597 942 652 potui,
973 597 1066 639 feci.
1129 596 1263 650 Quod
1295 598 1333 640 si
1364 598 1425 640 illi
1455 599 1499 640 in
1515 613 1612 640 mea
1633 614 1736 641 con·

349 665 514 706 ditione
546 663 754 712 fuissent,
791 664 917 707 aliter
951 680 1000 707 se
1030 680 1120 707 rem
1153 665 1316 707 habere
1346 666 1432 722 ipsi
1464 666 1660 709 dicerent
1685 692 1730 698 —

348 733 371 788 ἓ
402 732 573 775 26-27
601 758 646 764 -

317 801 360 858 b)
392 801 429 842 si
460 801 503 842 in
537 814 604 841 me
636 806 774 841 testes
808 799 1045 850 dixissent,
1085 800 1211 842 aliter
1242 816 1291 843 se
1322 815 1393 843 res
1425 801 1589 844 habere
1619 802 1736 844 dice·

347 877 480 912 ret-ur.
512 868 535 923 ἓ
566 867 749 911 28-30.
776 893 823 899 -
857 867 1069 926 τεκμήρια
1097 894 1140 900 -

324 938 363 995 c)
396 937 544 991 Quare
576 951 625 978 se
656 936 741 992 ipsi
774 936 1139 986 condemnarunt,
1171 952 1239 981 me
1269 938 1662 995 absolverunt⁴⁸.§
1683 939 1734 982 31

355 1006 478 1049 -32.
510 1004 788 1058 παλιλλογία.
818 1003 1039 1063 ἐρώτησις.
1076 1030 1121 1038 -

259 1074 331 1116 111.
350 1074 534 1129 Perjure
552 1081 736 1128 egerunt
751 1081 1046 1115 accusatores.
1069 1098 1113 1104 —
1136 1073 1340 1123 ἐξέτασις.
1359 1074 1411 1116 ef.
1429 1075 1626 1117 Anaxim.
1644 1075 1736 1125 191,

354 1142 371 1182 l
407 1154 505 1195 sqq.
533 1139 622 1194 -ξ
654 1140 838 1182 33-51.

319 1209 355 1261 ι)
386 1207 609 1266 πρόθεσις
634 1232 679 1239 —-
706 1206 731 1263 §
764 1207 831 1249 33.

318 1278 353 1332 ²)
383 1279 427 1332 α)
460 1277 505 1334 α)
550 1277 698 1319 Primo
731 1284 775 1318 et
805 1275 1004 1318 secundo
1037 1276 1107 1319 die
1140 1285 1244 1332 post
1274 1276 1398 1332 pueri
1430 1282 1615 1319 mortem
1648 1291 1737 1318 me-

348 1358 447 1387 cum
479 1351 603 1387 erant
633 1345 718 1386 isti.
778 1343 933 1386 Tertio
966 1344 1037 1386 die
1068 1359 1225 1386 nomen
1244 1359 1386 1386 meum
1405 1344 1629 1394 deferunt,
1648 1359 1735 1386 non

350 1427 432 1456 sua
464 1419 624 1468 sponte
654 1412 717 1454 illi
750 1412 927 1468 quidem
960 1411 1040 1454 sed
1073 1412 1203 1454 donis
1236 1412 1448 1469 perducti.
1479 1413 1503 1469 ἓ
1536 1412 1603 1455 34.

320 1480 362 1538 b)
394 1480 581 1529 Aristio‚
627 1480 848 1529 Philinus,
883 1480 1161 1535 Ampeliuus,
1201 1481 1433 1522 subscribe
1464 1480 1737 1532 thesmothe-

348 1556 489 1592 tarum
530 1548 571 1589 in
614 1562 666 1589 eo
701 1554 835 1598 erant,
867 1555 915 1590 ut
946 1563 971 1590 a
1001 1563 1070 1590 me
1103 1548 1158 1590 de
1190 1548 1446 1605 repetundis
1478 1562 1738 1591 accusaren-

348 1624 430 1660 tur.
492 1616 580 1664 Illi,
611 1631 664 1657 ne
696 1617 782 1672 ipsi
813 1631 999 1672 poenam
1031 1616 1207 1665 darent,
1237 1616 1535 1659 Philocratem
1552 1616 1739 1673 ejusque

347 1685 626 1742 propinquos
661 1684 983 1740 perduxerunt,
1015 1691 1064 1726 ut
1100 1699 1167 1726 me
1198 1693 1469 1726 accusarent.
1500 1683 1523 1739 ξ
1554 1683 1737 1726 35-36.

320 1755 360 1811 c)
390 1753 601 1794 Protinus
636 1752 705 1793 die
736 1759 975 1807 postquam
1008 1753 1213 1806 sepultus
1232 1761 1300 1793 est
1317 1767 1440 1808 puer,
1457 1753 1599 1807 parati
1616 1760 1741 1794 erant

351 1836 419 1863 me
460 1834 690 1870 accusare3
736 1819 818 1861 sed
865 1834 891 1861 a
935 1833 1037 1876 rege
1084 1819 1329 1876 (archonte)
1375 1819 1584 1876 prohibiti
1616 1825 1740 1863 erant

351 1903 563 1931 accusare
603 1895 788 1943 propter
819 1888 1030 1943 temporis
1063 1902 1141 1943 per
1172 1903 1299 1929 suum
1332 1889 1634 1944 magistratum
1665 1903 1739 1930 an-

349 1956 519 2011 gust-ias
540 1954 591 1997 ⁴⁹.
622 1954 645 2011 ξ
676 1955 858 1999 37-38.

261 2036 418 2082 ὀνόματι
450 2037 538 2079 (dat.
563 2036 738 2077 instrum.)
768 2034 934 2075 ἕκαστον,
975 2032 1128 2069 τούτους
1158 2033 1303 2081 ἐρωτᾶν
1331 2033 1407 2069 κτλ.
1463 2036 1641 2071 Credibile
1665 2048 1739 2071 non

260 2102 335 2136 est,
362 2094 622 2141 Antiphontem
648 2094 697 2126 ita
722 2093 934 2139 scripsisse,
960 2091 1060 2138 quod
1087 2091 1173 2125 vidit
1199 2092 1401 2138 Sauppius,
1429 2105 1535 2140 quum
1560 2096 1636 2126 καὶ
1659 2090 1742 2126 τού-

259 2164 345 2187 τους
376 2150 521 2196 ἐρωτᾶν
552 2150 747 2196 conjecerit
788 2151 998 2198 legendum,
1041 2151 1108 2185 nisi
1149 2149 1336 2185 forte'sic
1376 2151 1516 2185 restitui
1560 2151 1742 2197 putabitur

260 2209 501 2243 membrorum
528 2208 786 2241 enunciationis
819 2209 911 2241 inter
936 2219 976 2241 se
1003 2208 1220 2253 compositio
1248 2215 1284 2241 et
1309 2208 1573 2241 convenientia:
1599 2227 1615 2233 -
1643 2227 1658 2233 —
1685 2204 1739 2241 δι-

261 2266 435 2306 κασταῖς,
465 2260 586 2299 ἰέναι
610 2262 811 2299 κελεύων
834 2262 996 2311 λαβόντα
1024 2261 1100 2299 κτλ.
1715 2263 1718 2266 ’

357 2322 403 2358 48
451 2324 475 2365 S
500 2323 546 2356 32
571 2320 665 2357 ὅπου
693 2324 762 2367 γὰρ
789 2320 879 2365 ἐμοῦ
905 2320 1099 2357 ἐθέλοντος
1135 2319 1348 2367 ἐλέγχεσθαι
1375 2325 1464 2368 περὶ
1499 2316 1549 2356 ὦν
1578 2319 1738 2370 ᾐτιῶντο

262 2375 366 2415 οὗτοι
389 2382 441 2425 μὴ
472 2377 604 2414 ἔθελον
627 2376 795 2424 ἐλέγχειν,
825 2375 1036 2422 ἠδίκουν,
1064 2381 1125 2411 καὶ
1152 2376 1216 2422 ἐμὲ
1241 2378 1309 2423 μὲν
1333 2376 1453 2423 δήπου
1482 2376 1652 2419 ἀπέλυον,
1679 2376 1741 2412 αὖ·

261 2441 321 2472 τοὶ
346 2434 387 2472 δὲ
411 2438 505 2471 κατὰ
542 2436 647 2481 σφῶν
683 2433 804 2470 αὐτῶν
840 2433 1025 2482 μάρτυρες
1063 2433 1228 2481 ἐγένοντο
1260 2433 1318 2470 ὅτι
1355 2434 1462 2471 οὐδὲν
1491 2432 1637 2470 δίκαιον
1661 2431 1739 2469 οὔδ’

261 2493 401 2538 ἀληθὲς
425 2492 599 2542 ᾐτιῶντο.
648 2493 817 2528 Reiskius
843 2493 952 2539 ”post
976 2488 1128 2535 ἠδίκουν
1155 2515 1195 2519 -
1223 2494 1334 2540 inquit
1361 2511 1400 2519 -
1428 2494 1568 2528 videtur
1591 2495 1652 2525 καὶ
1676 2490 1741 2536 ἐμὲ

259 2554 323 2585 καὶ
348 2550 498 2585 ἑαυτοὺς
525 2550 687 2586 deesse.”
746 2551 936 2586 Dobreeus
963 2549 1116 2584 Advers.
1142 2550 1175 2592 1,
1202 2551 1269 2586 174
1295 2565 1325 2586 v.
1357 2548 1510 2595 ἠδίκουν
1534 2555 1741 2594 corruptum

261 2619 348 2643 esse
375 2614 486 2654 putat.
537 2607 649 2642 Recte
675 2620 753 2643 mea
787 2608 931 2655 quidem
957 2607 1146 2641 sententia.
1208 2609 1386 2655 Suspicor
1410 2619 1476 2653 pro
1502 2603 1655 2649 ἠδίκουν
1690 2606 1741 2641 le-

261 2665 420 2714 gendum
459 2676 544 2700 esse
581 2663 908 2712 ἐφυγοὸίκουν.
969 2664 1020 2699 Cf.
1047 2665 1066 2711 ξ
1093 2667 1138 2700 47
1164 2665 1189 2700 ἅ“
1223 2664 1329 2701 αὖτοὶ
1365 2664 1459 2713 ἔργῳ
1497 2659 1739 2706 ἀπεδίκασαν,

260 2721 370 2758 ταῦθ’
394 2721 489 2768 ὑμᾶς
515 2720 700 2757 κελεύουσι
724 2721 983 2762 καταδικάσαι,

356 2780 402 2816 49
449 2780 474 2823 §
501 2780 546 2815 37
570 2783 632 2815 καὶ
658 2775 762 2815 οὗτοι
799 2779 885 2816 τότε
917 2780 986 2827 μὲν
1019 2778 1214 2828 πρόθυμοι
1252 2773 1346 2824 ἦσαν
1381 2776 1675 2827 ἀπογράφεσθαί
1696 2792 1743 2824 με
