1938 3153
1530 153 1586 196 65

188 290 305 318 mere
335 274 606 317 decreverat.
666 270 828 313 Habita
866 269 1008 311 oratio
1040 274 1109 311 est
1139 268 1209 311 Ol.
1239 267 1377 319 XCV,
1414 269 1446 312 1.
1478 270 1593 322 (400.
1624 283 1661 311 a.

190 343 291 385 Chr.
323 346 394 393 n.).
427 340 491 384 Cf.
524 340 709 383 Clinton.
739 337 858 381 Fast.
891 336 1005 378 Hell.
1036 351 1078 392 p.
1109 336 1176 378 97.
1241 335 1348 378 Haec
1378 336 1420 378 in
1438 351 1489 378 ea
1505 335 1659 393 dispo-

183 411 286 453 sitio
318 425 461 453 rerum
493 414 573 450 est.

240 479 498 537 Προοίμιον.
528 476 552 533 ξ
590 476 738 518 1-10,

182 548 213 589 1.
272 548 318 605 a)
349 546 716 589 Adversariorum
748 542 864 584 dolis
898 548 941 584 et
971 543 1138 584 art-ibus
1162 556 1248 583 non
1272 540 1532 597 perterritus
1550 555 1652 582 cau-

268 628 362 656 sam
393 613 591 655 sustineo
621 612 827 666 idemque
859 609 916 651 de
947 624 1015 651 me
1044 610 1142 666 ipse
1175 609 1331 657 sentio,
1364 607 1486 664 quod
1519 621 1653 664 spero

268 681 364 724 fore
395 686 444 722 ut
475 694 568 729 vos,
594 679 792 735 judices,
823 678 1109 727 arbitremini,
1140 691 1208 719 me
1238 677 1382 732 culpae
1412 690 1534 718 reum
1565 689 1656 717 non

270 763 370 791 esse
386 748 433 789 ⁵³.
479 747 502 803 ξ
553 747 669 789 1-5.
694 798 697 801 ⁶
721 743 834 801 πρὸς
871 742 1059 786 εὔνοιαν.
1092 744 1338 797 κακολογία.
1370 742 1423 785 cf.
1456 743 1654 785 Anaxim.

266 816 370 865 216,
420 816 454 857 l.
486 814 590 862 231,
625 815 643 855 1
678 827 776 868 sqq.
806 810 1159 869 προκατάληψις.
1222 810 1284 853 Cf.
1318 811 1515 853 Anaxim.
1546 810 1653 859 218,

273 883 324 926 12
356 895 454 939 sqq.

239 951 281 1009 h)
312 951 420 993 Plus
451 948 770 991 benevolentiae
802 949 903 990 mihi
936 963 1003 990 me
1025 947 1264 990 defensuro
1296 960 1411 1003 opus
1438 952 1508 987 est
1523 958 1652 1001 quam

268 1019 386 1067 istis,
433 1016 506 1072 qui
539 1017 772 1072 praeparati
800 1016 861 1058 >acl
893 1031 960 1058 me
992 1015 1287 1058 accusandum
1319 1014 1597 1056 accesserint.
1628 1012 1653 1067 §

299 1087 391 1128 -7.
423 1082 667 1131 ἐλάττωσις.
728 1085 924 1126 Anaxim.
957 1085 1053 1134 229,
1087 1084 1137 1126 16
1168 1097 1267 1139 sqq.

184 1154 237 1197 11.
269 1153 517 1196 Deliberem
535 1152 583 1202 ⁵⁴,
614 1158 791 1194 utrum
822 1152 877 1193 ab
909 1166 962 1193 eo
993 1151 1213 1207 incipiam,
1246 1157 1295 1192 ut

274 1266 317 1300 53
366 1265 385 1311 ξ
416 1267 429 1299 1
459 1263 608 1311 εᾳ.’ἐγώ
634 1262 679 1305 δ’,
706 1258 737 1298 ὦ
760 1261 905 1310 ἄνδρες,
934 1262 1117 1309 δεήσομαι
1137 1262 1240 1308 ὑμῶν
1264 1262 1391 1299 δίκαια
1414 1268 1476 1299 καὶ
1500 1263 1587 1310 ὑμῖν
1612 1278 1653 1299 τε

179 1320 295 1369 ῥᾴδια
318 1322 541 1369 χαρίζεσθαι
565 1325 626 1356 καὶ
652 1319 738 1365 ἐμοὶ
762 1317 851 1362 ἄξια
873 1319 1011 1355 πολλοῦ
1034 1322 1156 1364 τυχεῖν
1176 1318 1264 1368 παρ’
1290 1318 1404 1366 ὑμῶν,
1432 1324 1508 1355 καὶ
1533 1333 1593 1367 πρ
1606 1321 1653 1356 ὦ-

177 1392 259 1414 τον
290 1379 374 1424 μὲν
407 1378 733 1423 ἐνθυμηθῆναι
769 1375 827 1412 ὅτι
858 1377 921 1411 νῦν
949 1375 1019 1424 ἐγώ
1050 1376 1128 1421 ἥκω
1154 1375 1331 1423 οὐδεμιᾶς
1362 1374 1473 1422 οὔσης
1497 1376 1654 1425 ἀνάγκης

177 1435 253 1471 κτλ.
307 1439 384 1471 Καὶ
419 1435 573 1482 πρῶτον
607 1435 677 1480 μὲν
714 1433 986 1479 ἐνθυμηθῆναι,
1030 1435 1128 1481 quod
1161 1437 1241 1481 quis
1269 1441 1329 1470 aut
1353 1436 1386 1470 in
1411 1435 1564 1482 πρῶτον
1585 1435 1656 1479 μὲν

178 1491 438 1537 ἐνθυμηθῆναι
463 1500 524 1526 aut
548 1493 582 1526 in
606 1495 668 1525 καὶ
697 1490 849 1538 πρῶτον
877 1491 947 1536 μὲν
984 1490 1222 1537 ἐυθυμηθῆτε
1254 1492 1461 1527 mutandum
1488 1498 1654 1533 censeat,

178 1551 304 1585 mutari
340 1561 412 1584 non
450 1548 568 1583 debet.
628 1547 720 1582 Nam
759 1556 795 1583 et
831 1549 974 1583 liberius
1012 1549 1043 1582 in
1084 1551 1201 1584 verbis
1240 1550 1331 1584 inter
1355 1561 1396 1585 se
1422 1550 1589 1597 aptandis
1616 1554 1653 1584 et

178 1606 401 1642 collocandis
441 1613 605 1641 versatur
645 1605 873 1646 Andocides,
916 1612 952 1640 et
989 1606 1021 1640 h.
1057 1607 1079 1640 1.
1117 1607 1225 1641 verba
1261 1604 1389 1642 δίκαια
1412 1610 1475 1641 καὶ
1500 1603 1591 1651 ὑμῖν
1609 1618 1651 1641 τε

177 1660 293 1708 ῥάδια
316 1663 539 1710 χαρίζεσθαι
573 1666 635 1697 καὶ
673 1662 758 1707 ἐμοὶ
794 1661 882 1704 ἄξια
917 1661 1054 1697 πολλοῦ
1088 1663 1209 1706 τυχεῖν
1232 1665 1440 1699 necessario
1467 1664 1652 1710 requirunt

179 1719 327 1767 aliquid,
364 1731 436 1766 quo
473 1720 617 1754 uberius
650 1720 880 1765 explicentur.
930 1719 982 1753 Cf.
1008 1719 1027 1765 ἓ
1054 1721 1141 1754 23-
1167 1740 1183 1746 -
1209 1723 1246 1755 οι
1268 1720 1378 1755 τοῦτο
1413 1720 1530 1765 μόνον
1564 1718 1652 1766 ἡγή-

179 1788 288 1813 σαντο
326 1772 417 1817 δεῖν,
445 1773 629 1819 τολμῆσαι
667 1775 933 1823 κατηγορῆσαι.
984 1776 1050 1817 ΙΙΙ,
1078 1777 1122 1810 12
1145 1775 1325 1811 τοσοῦτον
1362 1771 1427 1812 ουν
1462 1776 1593 1824 ἔγωγε,
1621 1790 1650 1810 ω

176 1832 397 1877 mannaim,
425 1829 645 1879 διορίζομαι
671 1835 761 1878 περὶ
784 1831 937 1873 τούτων,
966 1835 1034 1877 τήν
1065 1833 1135 1878 μὲν
1163 1829 1315 1880 ειρήνην
1346 1834 1533 1878 σωτηρίαν
1557 1831 1653 1866 εἶναι

177 1889 230 1934 τῷ
258 1886 364 1934 δήμῳ
389 1892 451 1924 καὶ
490 1886 655 1934 δύναμιν,
689 1891 755 1923 τὸν
788 1885 828 1923 δὲ
860 1887 1026 1935 πόλεμον
1056 1887 1177 1934 δήμου
1211 1887 1407 1924 κατάλυσιν
1442 1889 1649 1936 γίγνεσθαι.

175 1948 268 1981 Kal
292 1946 451 1982 additum
490 1954 547 1982 est·
583 1953 747 1993 propter>
767 1946 919 1994 πρῶτον
948 1949 1028 1992 μέν,
1057 1949 1113 1982 cui
1138 1948 1315 1982 vocabulo
1342 1947 1567 1994 respondent
1592 1958 1652 1990 ea,

178 2015 255 2051 quae
279 2005 314 2039 in
340 2003 359 2050 §
388 2006 407 2038 7
432 2004 608 2051 leguntur,
635 2002 690 2038 ἔτι
710 2000 751 2038 δὲ
774 2006 834 2037 καὶ
861 2000 950 2038 τόδε
976 2003 1203 2048 ἐνθυμητέον
1225 2002 1301 2039 κτλ..

270 2062 315 2096 54
363 2061 381 2108 §
408 2061 429 2096 8
452 2060 621 2096 Σκοπῶ
650 2060 718 2105 μὲν
742 2053 805 2095 οὖν
830 2059 953 2107 ἔγωγε,
982 2054 1012 2095 ὦ
1038 2058 1183 2109 ἄνδρες,
1215 2060 1338 2096 πόθεν
1360 2062 1429 2108 χρὴ
1456 2058 1649 2108 ἄρξασθαι

173 2118 239 2163 τῆς
280 2116 495 2164 ἀπολογίας.
546 2117 588 2152 G.
615 2118 659 2151 A.
685 2116 861 2164 Hirschig.
893 2118 1068 2165 Philolog.
1098 2118 1142 2157 V,
1164 2118 1231 2152 318
1274 2118 1399 2152 σκοπῶ
1440 2119 1473 2152 in
1514 2115 1650 2162 ἀπορῶ

174 2181 346 2211 mutatum
373 2176 447 2210 vult
472 2175 526 2209 cn.
551 2185 614 2214 eo,
639 2173 737 2220 quod
765 2175 926 2221 proxime
952 2175 1124 2221 sequitur,
1151 2173 1171 2209 ὁ
1205 2171 1248 2209 δέ
1278 2186 1325 2219 με
1361 2176 1467 2209 ποιεῖ
1504 2170 1648 2217 μάλιστ’

174 2231 345 2279 ἀπορεῖν.
393 2230 504 2274 Quod
535 2231 624 2266 velle
661 2243 732 2265 non
771 2230 928 2266 debebat
964 2232 1015 2267 vir
1052 2232 1197 2267 doctus.
1261 2231 1355 2266 Nam
1381 2230 1507 2266 σκοπῶ
1536 2229 1652 2278 (quod

175 2289 391 2335 conjunctivi
429 2288 524 2323 modi
562 2292 634 2330 est)
668 2290 737 2333 μέν
762 2294 797 2322 et
823 2287 845 2322 ὃ
870 2284 912 2323 δέ
935 2301 982 2334 με
1006 2290 1114 2325 ποιεῖ
1135 2287 1277 2334 μάλιστ’
1305 2286 1464 2336 ἀπορεῖν
1488 2288 1580 2322 inter
1611 2298 1653 2322 sc

175 2358 221 2382 ex
257 2346 411 2381 adverso
450 2346 684 2392 respondent.
752 2345 1029 2382 Deliberandum
1056 2348 1136 2382 mihi
1166 2354 1222 2382 est
1248 2365 1292 2372 —-
1318 2346 1431 2393 inquit
1457 2352 1581 2379 orator
1608 2365 1651 2371 —

175 2403 271 2439 unde
295 2404 523 2451 potissimum
550 2403 768 2439 defendendi
793 2405 928 2439 initium
952 2404 1078 2439 faciam
1106 2425 1121 2430 -
1149 2423 1163 2429 -
1191 2405 1257 2438 hac
1284 2411 1403 2438 autem
1437 2403 1470 2436 in
1497 2413 1534 2437 re
1562 2401 1651 2437 deli-

174 2461 335 2498 beranda
370 2461 456 2497 illud
493 2461 575 2496 mihi
614 2461 873 2498 dubitationem
912 2470 1033 2497 movet
1070 2470 1137 2496 cet.
1199 2459 1307 2503 Quod
1340 2461 1369 2495 si
1396 2457 1559 2507 ἀπορῶ
1583 2459 1653 2505 μὲν

173 2513 238 2553 οὖν
261 2520 487 2559 scriberetur,
519 2516 653 2565 ἀπορῶ
677 2526 713 2553 et
737 2516 880 2562 μάλιστ’
907 2516 1041 2566 ἀπορῶ
1064 2520 1156 2553 inter
1179 2530 1219 2552 se
1244 2516 1651 2564 responderent;.quod

172 2582 291 2611 tamen
322 2577 353 2611 si
386 2577 436 2611 ita
472 2582 590 2617 esset,
631 2576 796 2624 profecto
822 2587 894 2610 non
921 2573 944 2609 ὃ
966 2572 1009 2610 δέ
1031 2588 1078 2621 με
1100 2574 1207 2609 ποιεῖ
1228 2572 1372 2621 μάλιστ’
1400 2572 1560 2620 ἀπορεῖν
1582 2573 1651 2607 dici

172 2634 379 2677 oportebat,
405 2634 471 2670 sed
498 2632 521 2669 ὃ
542 2630 583 2669 δὲ
606 2630 749 2679 μάλιστ’
777 2631 936 2680 ἀπορεῖν
957 2646 1005 2678 με
1027 2632 1145 2668 ποιεῖ.

1360 2680 1379 2692 ,-

1364 2691 1375 2711 1
