1938 3153
317 184 375 228 80

257 295 313 337 V.
345 296 391 353 a)
423 295 613 349 Quidam
646 312 694 340 se
725 299 894 342 nescire
926 299 1095 348 dicunt,
1128 299 1236 355 quid
1267 300 1351 343 sibi
1381 300 1491 344 velit
1519 301 1606 343 ista
1630 315 1732 357 pax,

344 364 381 405 si
414 364 579 406 civitati
611 380 746 407 naves
779 372 822 408 et
853 367 1023 408 moenia
1060 366 1315 417 reddantur,
1345 369 1505 423 privati
1533 368 1733 411 homines

346 432 440 473 suis
471 434 837 488 possessionibus
869 435 912 477 in
936 441 1088 477 extero
1106 434 1206 476 solo
1224 435 1321 477 sitis
1337 434 1609 478 fraudentur.
1625 435 1651 492 §
1668 434 1735 478 36.

316 499 359 557 b)
390 500 586 557 Majores
634 502 775 542 nostri
814 516 947 557 quum
979 517 1113 544 naves
1146 509 1189 544 et
1220 503 1391 545 moenia
1422 502 1736 549 aedificassent,

345 576 437 610 tum
484 569 643 624 opibus
691 581 869 625 quoque
916 578 959 613 et
999 570 1162 612 divitiis
1194 584 1393 613 crescere
1425 569 1734 627 coeperunt.§

347 636 530 677 37—39.
560 634 854 691 παράδειγμα.

315 701 582 755 ἐπίλογος.
616 702 641 758 §
675 703 858 746 40-41.

256 771 286 812 1.
346 769 561 823 σύντομος
590 767 845 828 ἀνάμνησις.
879 772 904 827 §
935 773 990 815 40
1021 774 1111 814 init.

257 838 310 880 ΙΙ.
340 837 455 895 πρὸς
485 837 652 893 φιλίαν.
685 838 710 895 §
742 839 927 882 40-41,

256 906 328 948 III.
347 908 616 963 προαίρεσις.
650 907 675 962 §
707 908 758 949 41
796 914 904 949 extr.

454 974 529 1015 De
561 989 632 1016 or.
664 974 753 1024 IV,
785 988 900 1030 quae
932 980 1016 1016 est
1045 974 1096 1016 in
1128 974 1536 1017 Alcibiadem⁸⁴.

373 1041 481 1082 Haec
513 1044 654 1083 oratio
687 1043 836 1085 habita
858 1057 959 1084 esse
976 1043 1231 1097 perhibetur
1249 1042 1317 1084 Ol.
1334 1041 1447 1091 XCI,
1464 1043 1490 1084 2
1507 1045 1560 1096 (a.
1577 1057 1613 1084 a.
1632 1043 1734 1085 Chr.-

252 1123 291 1150 n.
323 1108 419 1150 415.
466 1107 520 1150 cf.
552 1108 721 1150 Becker
751 1109 975 1152 Andokid.
1008 1124 1048 1165 p.
1086 1111 1148 1156 13,
1194 1115 1339 1151 annot.
1387 1108 1453 1151 30.
1487 1115 1531 1151 et
1560 1109 1724 1166 Krueg.

250 1191 319 1232 ap.
353 1175 541 1218 Clinton.
574 1174 691 1217 Fast.
725 1176 837 1218 Hell.
870 1192 910 1233 p.
944 1178 1042 1229 79.)‚
1075 1191 1209 1232 quum
1240 1178 1283 1218 in
1306 1191 1358 1218 eo
1383 1182 1504 1218 esset
1519 1177 1729 1233 populus⁹

255 1248 306 1286 ut
337 1243 393 1286 de
424 1243 674 1294 Alcibiade,
705 1243 851 1294 Nicia,
882 1244 1114 1287 Andocide
1146 1243 1419 1300 decerneret}‚
1451 1244 1549 1299 quis
1582 1258 1733 1286 eorum

253 1312 516 1354 testularum
547 1312 765 1368 suffragiis
799 1313 1096 1368 (ostracismo)
1129 1312 1419 1355 damnaretur.

314 1380 623 1435 προοίμιον.
659 1379 683 1435 §
720 1379 841 1421 1-9.

252 1447 282 1490 Ι.
341 1447 544 1503 Ingratus
591 1462 697 1489 sane
736 1446 1049 1503 rempublicam
1096 1447 1338 1503 attingendi
1368 1447 1506 1489 labor.
1568 1445 1730 1499 Quam-

333 1515 400 1555 vis
434 1514 557 1556 mult-i
589 1515 955 1556 existimationem
987 1529 1125 1556 meam
1150 1514 1377 1556 calumniis
1412 1515 1726 1571 oppugnarint,

337 1588 489 1624 vestro
513 1582 706 1638 judicio,
737 1581 1051 1633 Athenienses,
1070 1589 1113 1626 et
1135 1583 1362 1625 sententiis
1384 1583 1595 1625 liberatus
1614 1597 1727 1625 sem-

338 1664 417 1706 per
463 1649 663 1691 discessi.
724 1650 853 1692 Nunc
901 1650 956 1691 de
988 1665 1041 1692 eo
1073 1652 1228 1707 agitur,
1258 1659 1403 1692 utrum
1437 1664 1532 1706 ego,
1563 1665 1618 1692 an
1651 1650 1725 1693 Al-

339 1717 557 1767 cibiades,
603 1732 656 1759 an
704 1718 853 1760 Nicias
904 1718 948 1758 in
980 1719 1180 1760 exsilium
1213 1718 1412 1759 abiturus
1445 1718 1514 1759 sit.
1547 1717 1572 1773 §
1608 1717 1730 1759 1—2.

339 1784 573 1842 πρόθεσις.

246 1853 298 1895 ΙΙ.
333 1853 426 1894 Lex
458 1852 514 1893 de
545 1852 808 1893 ostracismo
838 1851 1180 1907 reprehenditur
1197 1852 1246 1894 ⁸⁵.
1277 1852 1302 1908 §
1336 1852 1459 1894 3-6.
1490 1852 1725 1905 κακολογία

335 1920 549 1978 quaedam.
583 1918 645 1962 Cf.
678 1920 882 1977 Spengel.
916 1919 1204 1963 Commentar.
1237 1920 1295 1963 ad
1325 1919 1523 1963 Anaxim.
1555 1934 1595 1976 p.
1632 1919 1725 1962 126.

248 1989 371 2044 111.1)
405 1989 519 2036 Oro,
550 1995 599 2029 ut
631 1989 816 2044 benigne
847 2003 914 2029 me
946 1988 1146 2030 audiatis.
1180 1988 1205 2044 §
1238 1989 1278 2030 7.

306 2056 339 2111 2)
372 2055 506 2108 Quod
553 2054 610 2097 de
656 2054 760 2097 odio
800 2070 897 2098 meo
929 2057 972 2098 in
1005 2056 1219 2112 populum
1252 2062 1295 2098 et
1325 2070 1469 2098 rerum
1501 2055 1726 2097 novanda-

336 2139 430 2166 rum
463 2123 613 2165 studio
654 2137 799 2164 sermo
833 2132 921 2172 est,
947 2124 1040 2179 jam
1071 2123 1148 2165 diu
1178 2124 1428 2165 innocentia
1459 2138 1553 2164 mea
1585 2138 1640 2164 ex
1672 2137 1724 2165 eo

343 2269 390 2304 84
438 2268 570 2304 Iterum
597 2282 638 2305 ac
663 2272 794 2317 saepius
820 2271 1026 2317 bibliopolis
1054 2271 1277 2306 nostratibus
1309 2270 1490 2312 mandavi,
1527 2276 1566 2305 ut
1602 2270 1726 2306 Meieri

247 2327 582 2363 Commentationes
619 2327 853 2362 Andocideas
899 2328 979 2362 mihi
1017 2335 1194 2374 pararent.
1268 2326 1509 2374 Quamquam,
1551 2328 1587 2363 id
1628 2328 1727 2375 quod

244 2386 475 2421 vehementer
499 2384 693 2419 dolendum
720 2389 795 2425 est,
820 2384 912 2418 hanc
938 2396 1084 2430 operam
1110 2385 1242 2419 frustra
1268 2384 1435 2431 impendi.

342 2453 387 2487 85
436 2453 455 2498 §
482 2453 504 2487 5
529 2451 585 2487 ἔτι
608 2449 641 2487 δ’
667 2452 706 2487 εἶ’
722 2464 778 2489 τις
808 2449 872 2487 διὰ.
901 2451 1011 2487 τοῦτο
1033 2453 1259 2497 μεθίσταται
1285 2451 1344 2488 ὅτι
1366 2451 1560 2497 πολίτης
1585 2451 1724 2493 ἐστὶν,

244 2505 384 2545 οὗτος
419 2507 497 2544 οὐδ’
522 2507 699 2543 ἀπελθών
723 2507 875 2544 ἐνθένδε
902 2507 1102 2551 παύσεται,
1135 2507 1208 2544 ἀλλ’
1231 2507 1309 2544 κτλ.
1361 2510 1482 2545 Rei-k.
1508 2510 1601 2555 conj.
1623 2507 1728 2542 πολί-

245 2577 313 2611 της
333 2563 456 2602 κακός.
506 2566 645 2601 Censor
668 2566 837 2602 Jenensis
864 2578 922 2612 ap.
948 2565 1108 2602 Schiller.
1136 2567 1182 2602 ad
1208 2567 1349 2602 Sluiter.
1376 2580 1410 2613 p.
1438 2567 1505 2600 145
1531 2562 1723 2609 ἀπολίτησ,

245 2622 436 2670 Emperius
462 2634 498 2669 p.
524 2623 591 2657 213
621 2621 787 2670 πονηρός
823 2625 845 2659 l.
881 2624 1047 2669 πονηρὸς
1077 2622 1245 2669 πολίτης.
1305 2624 1409 2660 Fort.
1441 2621 1511 2669 leg·
1539 2642 1555 2648 -
1581 2642 1596 2648 -
1629 2620 1728 2656 ἐστὶν

242 2675 464 2725 ἄβουλος,
493 2676 571 2714 οὐδ’
597 2699 613 2707 -
637 2700 653 2708 -
678 2680 731 2716 Cf.
759 2681 904 2729 Antiph.
931 2680 958 2722 1,
984 2681 1038 2716 23.
1087 2681 1216 2729 Neque
1242 2693 1327 2716 vero
1355 2675 1462 2715 οὗτος
1486 2678 1569 2715 ferri
1594 2684 1728 2731 potest.
