1938 3153
325 193 381 236 66

325 308 370 365 a)
402 314 557 349 contra
587 308 728 364 legem
761 323 828 350 me
859 308 1053 351 delatum
1086 323 1186 350 esse
1218 309 1536 361 demonstrem,

324 376 366 433 b)
398 385 474 417 aut
506 376 761 432 psephisma
792 376 1029 419 Isotimidis
1062 377 1229 419 irritum
1261 377 1424 421 factum
1455 394 1578 427 esse,

324 444 362 501 c)
394 453 469 485 aut
516 443 572 486 de
612 445 783 501 legibus
817 445 917 486 latis
950 451 992 486 et
1024 445 1286 500 juramentis
1318 446 1445 488 factis
1478 446 1639 496 dicam,
1679 460 1742 488 an

354 512 413 554 ab
442 513 577 560 initio,
610 526 708 567 quae
740 512 856 554 facta
887 513 985 558 sint.
1019 527 1246 568 exponam.
1278 513 1511 570 πρόθεσις.
1543 514 1566 570 ἓ
1596 515 1624 558 8
1654 515 1743 557 init.

355 603 408 610 —
432 579 510 621 ἐπὶ
539 579 588 620 τὸ
620 582 872 635 προσέχειν.
905 581 928 635 ξ
960 581 1072 623 8-9
1090 581 1137 621 ⁵⁵.
1159 607 1206 614 --

323 647 437 688 τῶν
466 650 1038 703 κατηγορουμένων
1074 646 1270 695 λύσις.
1303 647 1578 704 §10--139.

266 714 296 755 Ι.
357 714 424 755 De
457 715 689 770 mysteriis.
723 719 744 765 5
781 716 958 758 10-33.

353 781 589 839 πρόθεσις.
621 782 647 838 §
687 784 746 825 10.
780 782 844 825 Cf.
876 784 1014 826 Anax.
1047 783 1143 832 233,
1174 783 1241 826 27.

353 846 671 903 ἀπαγγελία.
704 851 727 905 ξ
766 852 941 893 11-18.

353 918 451 960 Jam
484 919 658 960 comitia
690 926 814 960 erant
845 919 1031 961 ducibus
1064 919 1120 961 ad
1154 919 1314 962 bellum
1345 919 1388 961 in
1420 918 1568 961 Sicilia
1589 933 1743 976 geren·

355 987 458 1028 dum
502 986 727 1028 mittendis
766 987 920 1035 Niciae,
961 987 1201 1036 Lamacho,
1234 987 1462 1036 Alcibiadi,
1486 987 1668 1044 jamque
1698 988 1743 1029 in

353 1069 517 1095 ancora
549 1061 674 1095 extra
706 1061 883 1109 portum
914 1055 1174 1097 constiterat
1204 1055 1328 1097 navis
1360 1054 1742 1110 Lamachi‚quum

355 1122 633 1178 Pythonicus
666 1122 721 1162 ad
755 1123 970 1177 populum
1003 1122 1167 1170 defert,
1200 1123 1254 1164 ab
1286 1122 1515 1165 Alcibiade
1544 1123 1587 1164 in
1609 1122 1744 1165 domo

353 1190 542 1246 quadam
574 1190 784 1247 mysteria
816 1188 930 1231 facta
963 1204 1074 1231 esse.
1136 1189 1235 1242 Qua
1267 1190 1322 1232 de
1347 1204 1395 1232 rc
1417 1191 1472 1233 ab
1495 1190 1741 1233 Androma-

351 1258 458 1305 cho,
489 1257 655 1299 famulo
687 1257 982 1306 Polemarcbi‚
1015 1258 1176 1299 certius
1208 1257 1375 1313 aliquid
1392 1258 1574 1300 indicari
1591 1272 1741 1314 posse.

352 1325 545 1367 Primum
578 1323 666 1366 hoc
697 1323 779 1366 fuit
808 1324 1026 1367 indicium.
1057 1326 1273 1383 μαρτυρία
1292 1324 1742 1382 Diogneti,quaesito-

354 1394 416 1434 ris
449 1393 684 1434 criminum.
718 1392 743 1447 §
781 1393 956 1434 11-14.

353 1461 552 1502 Alterum
584 1459 790 1501 indicium
824 1473 848 1500 a
880 1459 1056 1501 Teucro
1088 1459 1299 1514 inquilino
1331 1459 1493 1502 factum
1525 1465 1603 1502 est.
1630 1460 1655 1516 ἕ
1678 1460 1742 1503 15.

351 1527 551 1569 Tertium
583 1528 639 1569 ab
664 1527 887 1583 Agariste,
918 1541 1059 1568 uxore
1077 1527 1410 1578 Alcmaeonidis‚
1442 1528 1657 1584 factum.§
1678 1528 1742 1570 16.

352 1595 566 1649 Quartum
600 1610 678 1653 per
708 1594 903 1653 Lydum,
934 1593 1160 1637 Phereclis
1191 1594 1522 1639 Themaciensis
1554 1610 1742 1639 servum.

349 1665 579 1720 μαρτυρία.
611 1665 634 1720 ἓ
671 1665 848 1707 17-18.

354 1731 461 1774 Haec
492 1732 705 1780 narratio,
746 1732 782 1773 si
814 1744 893 1786 per
925 1744 973 1771 se
1009 1729 1277 1785 intelligitur,
1309 1745 1364 1771 ex
1396 1731 1551 1774 eodem
1582 1746 1743 1789 genere

360 1833 403 1866 55
455 1832 473 1878 ἓ
500 1833 520 1865 9
545 1833 592 1865 τὰ
614 1831 683 1876 μὲν
707 1827 771 1866 οὖν
794 1829 920 1866 δίκαια
937 1829 1126 1877 γινώσκειν
1161 1827 1255 1875 ὖμᾶς
1277 1828 1449 1876 ἡγοῦμαι,
1481 1835 1556 1866 καὶ
1580 1829 1742 1879 λόγους

262 1886 670 1937 παρεσκευάσθαι,
699 1886 827 1936 οἷςπερ
858 1887 927 1935 ἐγώ
953 1886 1150 1923 πιστεύσας
1181 1884 1380 1933 ὑπέμεινα,
1411 1886 1511 1936 ὁρῶν
1541 1888 1636 1935 ὑμᾶς
1662 1887 1738 1924 κτλ.

263 1948 473 1993 Ingeniose,
511 1954 550 1979 ut
586 1957 740 1992 semper,
778 1946 967 1993 Emperius
1007 1957 1132 1991 opusc.
1172 1957 1205 1991 p.
1232 1945 1300 1979 ‘207
1325 1958 1381 1992 sq.
1406 1947 1555 1988 suadet,
1595 1953 1635 1982 ut
1671 1960 1738 1995 pro

261 2002 389 2051 λόγους
415 2004 593 2039 scribatur
617 2000 796 2039 αὐτούς.
845 2005 965 2050 Atque
997 2003 1065 2037 hoc
1102 2003 1219 2049 ipsum
1258 2003 1478 2038 Turicenses
1514 2011 1740 2051 receperunt.

263 2061 363 2104 (Haec
391 2062 585 2108 scriptura:
610 2064 671 2095 καὶ
697 2062 790 2105 [μή]
814 2057 936 2106 λόγου,
963 2061 1036 2094 sive
1064 2072 1083 2094 a
1109 2060 1283 2096 Schillero
1311 2062 1387 2095 sive
1413 2062 1457 2095 ab
1474 2062 1544 2096 alio
1564 2063 1741 2109 profecta,

262 2119 460 2165 probabilis
477 2131 550 2153 non
569 2121 651 2159 est).
702 2117 778 2152 Sed
805 2129 857 2159 ea,
884 2129 988 2164 quam
1007 2117 1106 2151 initio
1126 2118 1243 2163 posui,
1268 2118 1445 2164 scriptura
1463 2118 1493 2152 si
1513 2119 1567 2152 cui
1594 2118 1740 2153 defendi

262 2187 377 2222 posse
395 2176 545 2214 videtur,
565 2176 617 2210 sie
635 2175 708 2209 fere
727 2175 895 2222 explicari
914 2174 1040 2209 debet:
1066 2174 1146 2208 ”Ea
1172 2175 1328 2220 igitur,
1353 2186 1444 2221 quae
1464 2174 1596 2220 justa
1622 2180 1739 2217 sunt,

264 2244 342 2268 vos
370 2244 623 2280 agnoscere
662 2232 875 2272 arbitror,
915 2233 1238 2278 orationesque
1275 2233 1739 2278 (argumentationes-

264 2301 347 2336 que
386 2290 425 2324 in
463 2301 526 2324 mc
563 2292 716 2331 vanas)
752 2296 1033 2334 praeparatas
1072 2295 1113 2323 et
1151 2289 1404 2323 instructas
1430 2300 1550 2331 esse,
1576 2290 1738 2337 quibus

263 2359 344 2394 ego
386 2347 520 2382 rebus
560 2346 765 2381 confisus
805 2345 919 2379 domi
958 2346 1113 2388 mansi,
1150 2344 1374 2392 siquidem
1406 2346 1539 2382 video
1565 2352 1632 2382 cet.
1684 2347 1741 2381 Τὰ

263 2402 390 2439 δίκαια
415 2412 449 2439 et
474 2402 603 2450 λόγους
626 2400 931 2448 παρεσκευάσθαι
956 2414 999 2436 ex
1017 2403 1126 2437 verbo
1151 2401 1361 2449 γιγνώσκειν
1383 2404 1551 2451 pendent.
1602 2403 1735 2446 Quidni

262 2462 314 2496 sic
330 2461 524 2507 scripsisse
539 2460 750 2496 Andocides
777 2459 960 2507 putandus
979 2460 1043 2493 sit:
1068 2479 1082 2486 -
1097 2480 1112 2486 -
1130 2456 1270 2505 ῥᾳδίως
1294 2459 1471 2506 γνώσεσθ’
1498 2459 1523 2495 ἅ
1543 2473 1617 2506 μου
1636 2472 1741 2495 κατε-

262 2516 447 2564 ψεύσαντο
474 2514 512 2552 οἰ
535 2517 750 2565 κατήγοροι,
777 2520 851 2551 καὶ
882 2514 1043 2562 λόγους
1073 2516 1472 2563 παρεσκευάσθαι.
1508 2518 1556 2551 τὰ
1584 2515 1653 2560 μὲν
1676 2508 1742 2550 οὖν

263 2571 391 2609 δίκαια
412 2574 601 2620 γινώσκειν
631 2574 725 2619 ὑμᾶς
749 2573 931 2622 ἠγοῦμαι,
961 2571 1067 2621 οἷπερ
1092 2572 1161 2621 ἐγώ
1185 2573 1382 2611 πιστεύσας
1406 2572 1482 2609 κτλ.
1531 2572 1612 2608 Hoc
1639 2573 1669 2607 si
1696 2573 1740 2608 ab

264 2632 454 2668 Andocide
481 2633 681 2680 profectum
713 2634 829 2679 putari
867 2632 1016 2681 poterit,
1054 2633 1134 2668 nihil
1173 2632 1389 2668 difficultatis
1427 2632 1510 2667 loco
1547 2630 1742 2666 inhaercbit.

262 2690 336 2725 Cet.
352 2691 394 2725 ef.
411 2689 542 2737 Krueg.
559 2690 619 2724 Gr.
635 2690 693 2724 Gr.
710 2693 733 2730 1,
750 2691 804 2731 59,
820 2692 851 2733 ’2,
865 2690 887 2725 6
902 2699 935 2725 et
955 2690 1005 2724 10.
1033 2689 1199 2724 Maetzuer
1226 2690 1270 2724 ad
1299 2689 1442 2736 Antiph.
1467 2688 1515 2730 V,
1532 2687 1590 2730 82,
1608 2699 1641 2735 p,
1658 2686 1741 2723 239-
