1969 3153
1604 162 1661 205 45

278 279 577 334 βεβαίωσις.
608 279 632 333 ξ
663 277 787 321 2-5.
1032 280 1320 334 βεβαίωσις
1375 280 1479 334 (τῶν
1536 292 1719 336 κατηγο-

976 350 1102 393 ρουμ.
1133 335 1334 394 λύσις).ς
1366 337 1490 381 2-8.

49 411 200 458 β3ς6.δ·2.
223 408 251 446 I.
310 405 376 447 Ac
419 406 605 462 primum
651 404 827 461 quidem
857 417 960 446 reus
1061 408 1106 446 In
1138 419 1191 447 eo
1223 406 1407 448 vertitur
1445 406 1588 461 culpa,
1619 412 1719 448 uter
1743 415 1860 461 past.

306 461 526 506 hominem
580 469 730 519 negat,
791 461 960 505 etiamsi
1063 476 1215 505 eorum
1244 462 1416 520 injuriae
1446 470 1601 505 auctor
1631 463 1700 505 sit.

307 535 361 563 ex
407 521 548 578 plagis
595 520 904 576 exspiraverit,
937 523 1001 562 al.
1062 520 1108 577 a)
1139 520 1377 577 Perperam
1408 520 1608 563 evincere
1624 526 1717 562 etu-

137 583 198 621 32.
310 592 359 620 se
390 576 823 621 tameninterfectum
841 591 960 619 esse:
1063 578 1157 621 duit
1196 584 1443 627 accusator,
1474 591 1571 620 eum
1601 577 1718 619 ince-

311 650 410 678 eum
449 637 560 679 enim
590 635 758 679 initium
788 633 961 692 injuriae
1062 637 1185 694 pisse
1216 634 1452 679 verisimile
1484 649 1585 678 esse
1615 649 1719 692 pro-

309 693 483 736 fecisse.
910 730 914 734 .
1061 702 1232 751 pterea,
1254 693 1376 751 quod
1386 694 1601 751 juvenum
1618 707 1720 735 esse

282 751 327 809 a)
357 751 418 793 At
439 752 651 808 juvenum
682 757 762 799 cst,
783 765 872 793 non
893 764 962 791 se·
1063 753 1231 795 diceret
1275 752 1527 807 superbire,
1566 764 1721 793 senum

310 822 425 852 num.
469 809 588 850 rixas
620 807 825 850 exordiri.
865 806 891 863 §
923 807 961 848 2.
1063 823 1233 866 sapere.
1293 807 1534 864 Utriusque
1552 814 1719 850 utrum-

309 864 437 914 εἰκός.
1063 881 1149 923 que
1180 872 1259 908 est.
1289 864 1314 922 §
1346 865 1385 908 2.
1415 864 1546 913 εἰκός.

81 924 197 972 (3266.
280 921 322 980 ὁ)
354 923 554 965 Ceterum
586 937 673 965 non
704 922 861 964 iisdem
882 920 961 963 sed
1036 925 1078 981 b)
1109 925 1228 966 Reus
1252 938 1339 965 non
1356 922 1440 965 fuit
1461 923 1632 979 injuriae
1648 937 1724 965 au·
1746 937 1845 984 7435,

309 980 539 1023 contrariis
560 980 692 1022 armis
713 992 964 1036 propugna·
1066 987 1182 1031 ctor,
1214 979 1295 1022 sed
1327 980 1502 1037 pulsum
1535 994 1633 1022 eum
1664 981 1720 1022 ab

311 1038 385 1080 vit.
437 1037 462 1094 §
494 1038 532 1079 3.
580 1041 777 1095 σημεῖον.
823 1034 965 1093 παρά·
1064 1039 1142 1081 illo
1193 1044 1393 1081 coactum
1445 1053 1546 1081 esse
1584 1037 1641 1080 ad
1674 1051 1723 1080 se

310 1095 477 1148 δειγμα.
1066 1095 1413 1144 defendendum,
1463 1102 1604 1137 testes
1635 1095 1723 1150 ipsi

82 1152 199 1200 5534.
223 1154 266 1193 ΙΙ.
306 1149 421 1194 Tum
444 1165 549 1193 vero
567 1164 704 1192 ausus
722 1155 791 1192 est
806 1148 963 1198 dicere,
1067 1152 1390 1195 confirmarunt.
1410 1151 1446 1177 ¹²
1476 1151 1502 1208 §
1534 1152 1572 1193 3.
1604 1151 1723 1204 ἔλεγ-

312 1223 422 1259 eum,
455 1208 528 1266 qui
558 1208 757 1265 injuriam
776 1221 964 1249 exorsus
1065 1225 1153 1264 χος.

312 1272 392 1315 est,
424 1266 573 1322 potius
605 1279 735 1320 quam
757 1279 866 1314 eum,
892 1264 1022 1320 quill.
1066 1268 1181 1309 Dolo
1212 1267 1328 1309 malo
1374 1281 1463 1308 non
1491 1280 1602 1307 usus
1648 1271 1727 1308 est.

312 1322 541 1377 interfecit,
571 1323 615 1364 in
646 1320 782 1364 caedis
805 1321 967 1363 crimen
1066 1325 1178 1368 Nam
1224 1338 1274 1366 se
1328 1322 1588 1373 defendere,
1637 1337 1726 1365 non
1750 1331 1866 1376 53:274.

312 1380 546 1423 incurrere.
605 1379 729 1420 Illum
762 1378 874 1420 enim
895 1393 968 1420 ne·
1070 1381 1273 1424 occidere
1330 1380 1451 1423 illum
1503 1381 1724 1437 cogitavit.

313 1437 377 1503 cis
416 1436 717 1479 consultorem
739 1450 852 1478 esse.
884 1434 909 1491 §
942 1435 969 1476 4
1070 1438 1095 1495 §
1126 1439 1166 1480 4.
1185 1438 1316 1480 5init.
1351 1437 1600 1495 τεκμήριον.
1623 1437 1727 1495 ἐρώ-

134 1560 202 1597 ὃ3.
285 1501 422 1609 ‘bulg-t
458 1550 531 1607 qui
577 1549 750 1606 plagam
791 1507 1204 1596 inflixit‚111.{]⁷f·gf)gr
1246 1558 1391 1594 autem
1436 1552 1610 1599 mortui,
1642 1566 1729 1593 non
1751 1565 1927 1617 ss6.y4.‹38.

312 1622 401 1651 non
416 1615 560 1650 autem
575 1605 804 1656 interfecit,
819 1606 858 1647 is
876 1605 968 1662 pla·
1070 1625 1119 1653 se,
1170 1609 1448 1653 defendentis
1495 1616 1575 1652 est,
1614 1608 1640 1666 §
1692 1608 1731 1651 5.

311 1680 380 1724 gae
422 1673 577 1708 auctor
623 1669 711 1714 est,
756 1664 832 1720 qui
862 1678 968 1705 vero
1068 1667 1320 1727 ἐνθύμημα,

314 1722 501 1772 occidit,
540 1722 707 1764 morfis-
739 1721 765 1778 ᾗ
797 1722 824 1763 4
856 1720 967 1763 med·
984 1725 1058 1769 IV.
1074 1725 1255 1769 Inferior
1285 1740 1387 1769 reus
1419 1725 1514 1775 fuit,
1544 1740 1633 1768 non
1655 1739 1728 1767 su·
1752 1730 1866 1778 ,3273-

51 1788 203 1837 ,8635;8.
286 1781 329 1840 b)
358 1779 591 1824 Infelicitas
641 1779 738 1836 ejus
785 1783 864 1829 est,
896 1778 968 1834 qui
1071 1784 1219 1841 perior
1262 1783 1307 1825 in
1353 1798 1402 1826 se
1434 1781 1728 1827 defendendo.

316 1838 492 1885 occidit,
535 1837 696 1879 malum
747 1836 856 1892 ejus,
901 1836 968 1877 cui
1072 1841 1098 1897 §
1130 1842 1156 1883 6
1187 1840 1439 1899 ἐνθύμημα.

315 1894 482 1951 aliquid
527 1892 698 1936 accidit.
739 1896 761 1945 5
799 1893 827 1935 4
858 1898 967 1934 extr.
988 1897 1038 1941 V,
1071 1898 1207 1951 Quod
1252 1899 1289 1940 si
1334 1899 1397 1941 ita
1440 1898 1509 1946 sit,
1534 1897 1611 1954 jus
1642 1895 1731 1938 fas-

313 1951 566 2009 ὲνθύμημα.
1072 1970 1159 2011 que
1179 1971 1267 1998 non
1300 1963 1380 2003 est,
1411 1970 1533 1997 reum
1566 1953 1730 1997 conde-

48 2016 208 2068 ξβ4.68;3.
232 2015 293 2054 111.
315 2009 449 2064 Quod
480 2023 586 2051 vero
608 2007 730 2056 dixit,
752 2021 779 2049 a
800 2005 970 2048 medico
1071 2013 1221 2055 mnari,
1251 2016 1274 2066 ς
1305 2013 1343 2055 7,
1375 2013 1558 2055 δίκαιον,
1842 2052 1849 2059 ,

311 2083 411 2111 eum
440 2068 749 2123 interemptum
768 2079 880 2114 esse,
897 2064 971 2106 mi·
989 2070 1061 2113 VI.
1079 2070 1147 2114 De
1189 2070 1286 2127 lege
1327 2071 1417 2128 jam
1457 2077 1598 2112 testes
1630 2083 1736 2112 con-
1758 2080 1874 2128 5475,

318 2140 405 2174 101·‚
445 2124 550 2181 quid
584 2124 652 2173 Sit,
716 2122 807 2164 uod
838 2136 864 2163 a
895 2136 971 2163 VO·
1074 2128 1324 2179 firmarunt,
1377 2127 1597 2169 hominem
1642 2141 1733 2168 non

317 2183 387 2226 bis
410 2182 559 2239 potius
574 2182 687 2224 intel·
707 2191 850 2223 ectum
875 2192 973 2220 eSse
1076 2184 1220 2243 plagis
1267 2183 1348 2227 sed
1380 2184 1538 2227 medici
1568 2183 1736 2226 incuria

321 2256 409 2282 non
440 2238 774 2282 asseveraverit.
805 2236 888 2293 §5.
909 2235 976 2279 ἐν·
1078 2251 1298 2286 mortuum
1330 2242 1492 2299 esse,§
1522 2246 1550 2285 8
1580 2242 1670 2284 init.

319 2295 524 2355 θύμημα.
993 2300 1087 2346 VII.
1103 2300 1372 2344 infelicitatis
1395 2313 1574 2357 quoque
1605 2298 1735 2355 culpa
1759 2304 1933 2356 β6.γ4.δ5.

1078 2360 1137 2403 ad
1175 2373 1272 2402 eum
1306 2356 1614 2402 transferenda
1643 2361 1733 2407 est,

1079 2417 1154 2473 qui
1198 2416 1397 2472 injuriam
1443 2415 1601 2457 intulit.
1649 2414 1733 2470 §8

1081 2480 1188 2517 extr.
1219 2471 1470 2531 ἐνθύμημα.

260 2599 399 2641 dicunt,
424 2597 458 2645 (ἓ
484 2599 521 2641 4)
544 2607 626 2632 nec
651 2607 741 2639 nos,
767 2595 825 2642 qui
850 2598 1073 2629 mortuorum
1097 2587 1255 2623 vindices
1281 2588 1503 2630 exstitimus,
1541 2588 1571 2622 si
1597 2588 1666 2622 alia
1691 2588 1737 2623 de

261 2670 374 2694 causa
399 2661 530 2707 praeter
554 2655 725 2692 ultionem
749 2653 881 2690 mortui
905 2653 940 2688 in
961 2650 1022 2699 jus
1050 2648 1203 2695 aliquem
1229 2657 1422 2690 vocamus,
1450 2644 1541 2681 deos
1566 2655 1692 2681 manes
1718 2655 1739 2680 a
