1938 3153
1551 198 1602 241 17

181 322 353 374 patrum
387 314 468 366 VI,
506 314 567 366 13,
603 314 710 358 1-9
743 313 815 359 W.
847 312 903 358 ab
935 312 1180 370 antiquiore
1209 310 1358 369 aliquo
1380 317 1562 356 auctore
1584 325 1660 355 ex·

183 385 406 439 oerpsisse
435 391 636 439 apparet,
668 383 956 439 probabiliter
986 381 1193 422 concludi
1225 388 1394 435 potest,
1425 388 1515 423 tres
1535 382 1661 436 ipsas

184 452 396 495 orationis
428 459 578 509 partes
610 467 635 494 a
667 451 833 495 Corace
863 448 1067 492 inductas
1100 462 1212 491 esse.
1263 448 1479 506 Syrianus
1508 447 1660 491 Sehol.

184 521 240 563 ad
288 521 494 578 Hermog.
539 519 663 562 στάσ.
694 520 770 566 IV,
802 520 884 561 575
922 520 1137 570 γνωστέον
1166 518 1215 560 δε
1248 542 1296 548 -
1330 517 1474 572 inquit
1507 541 1554 548 —
1589 513 1659 559 ὅτι

183 587 256 632 καὶ
287 587 432 647 Κόραξ
465 588 489 632 ὁ
519 587 816 647 τεχνογράφος
845 587 905 642 τῷ
935 587 1011 644 τῆς
1055 584 1430 634 καταστάσεως
1473 580 1661 639 ὀνόματι

183 660 391 715 κέχρηται
429 659 695 715 προοίμια
730 657 826 698 τοῦ
860 654 1021 707 λόγου
1050 654 1145 711 τὴν
1175 653 1549 696 κατάστασιν68
1578 668 1662 695 κα-

183 725 298 769 λῶν.
344 726 636 769 Anaximenes
667 724 765 780 ipse
797 737 931 779 quum
962 722 1192 764 exordium
1223 723 1389 779 pluries
1419 723 1662 780 προοίμιον

275 838 320 873 66
365 836 616 879 Κατάστασιν,
644 838 719 872 sive
745 847 821 872 eam
850 834 1185 870 surrectionem
1222 834 1276 869 ad
1313 835 1553 871 dicendum
1587 835 1664 871 sive

186 907 331 930 causae
356 897 739 930 constitutionem
769 905 894 931 vocas,
932 904 1017 927 esse
1043 893 1144 938 quasi
1172 892 1356 938 quoddam
1381 894 1588 940 προοίμιον
1610 893 1665 928 di-

186 953 238 985 xit
262 951 442 985 Maximus
480 950 662 985 Planudes
687 947 900 997 Προλεγόμ.
928 943 981 982 εἷς
1002 945 1165 993 εὗρέσεις
1190 948 1235 989 V,
1262 950 1343 984 365.
1370 949 1489 984 Walz.
1527 948 1662 991 Quam-

188 1022 292 1057 quam
327 1010 420 1045 idem
457 1010 490 1044 iu
528 1008 653 1046 Schol.
678 1007 724 1043 ad
750 1004 870 1055 εὖρέσ.
897 1005 943 1049 V,
968 1003 1038 1041 384
1061 1002 1362 1053 προκατάστασις
1383 1008 1453 1055 γὰρ
1481 1027 1524 1034 -·
1550 1007 1664 1056 inquit

187 1086 227 1094 —
253 1064 276 1109 ἡ
301 1063 560 1112 προδιήγησις,
584 1064 868 1099 κατάστασις
903 1062 925 1106 ἦ
964 1060 1193 1107 διήγησις.
1244 1064 1415 1098 Similiter
1437 1063 1663 1098 κατάστασιν

186 1124 279 1159 idem
305 1123 379 1158 fere
404 1121 503 1171 quod
530 1118 699 1169 διήγησιν
723 1132 807 1157 esse
840 1119 929 1155 dixit
965 1122 1082 1154 Anon.
1112 1119 1233 1155 Schol.
1267 1119 1314 1155 ad
1340 1119 1459 1168 εὗρέσ.
1487 1119 1566 1162 VII,
1596 1120 1664 1154 719

187 1181 266 1215 W.:
289 1183 377 1225 περὶ
392 1177 649 1213 καταστάσεως
666 1175 778 1224 ἤγουν
800 1175 1016 1223 διηγήσεως.
1073 1176 1179 1219 Quod
1209 1177 1239 1211 si
1266 1179 1443 1224 quaeritur,
1468 1178 1555 1225 quid
1571 1179 1665 1213 inter

186 1235 408 1270 κατάστασιν
432 1241 468 1269 et
500 1232 669 1280 διήγησιν
700 1236 875 1269 interesse
913 1234 1090 1267 voluerint
1126 1233 1309 1275 rhetores,
1346 1234 1536 1268 Ernestius
1574 1234 1662 1268 Lex.

188 1293 364 1328 Teclmol.
388 1305 424 1339 p.
450 1292 519 1326 175
547 1289 815 1325 ”κατάστασιν”
850 1292 1105 1337 interpretatur
1141 1302 1225 1325 esse
1263 1291 1545 1333 ”nar-rationem,
1583 1303 1663 1338 quae

188 1350 321 1395 aliquid
362 1350 445 1383 artis
479 1355 515 1382 et
548 1346 721 1394 ἐργασίας
744 1348 892 1388 habeat,
918 1345 1087 1393 διήγησιν
1118 1357 1234 1382 autem
1261 1346 1376 1394 ψιλὴν
1409 1349 1485 1382 τῶν
1512 1346 1667 1382 πεπολι-

185 1406 370 1449 τευμένων
411 1403 578 1437 ἔειθεσιν”
613 1415 657 1437 ex
695 1404 777 1438 loeo
816 1404 964 1450 Sopatri
999 1404 1170 1449 Διαιρὲσ.
1208 1402 1390 1448 ξητημάτ.
1431 1404 1535 1445 VIII,
1561 1405 1582 1438 3
1608 1416 1663 1451 sq.

189 1461 308 1498 Walz.
334 1461 492 1506 pessime
518 1460 709 1494 intellecto.
773 1460 853 1494 Hoe
879 1460 963 1495 dicit
989 1459 1162 1505 Sopater:
1187 1458 1273 1494 τότε
1302 1462 1372 1508 γὰρ
1406 1459 1568 1506 μάλιστα
1598 1463 1668 1505 τήν

187 1516 380 1561 καλλίστην
417 1515 592 1563 ἐργασίαν
626 1515 849 1552 κατάστασις
875 1513 1107 1557 ἑπιδὲξεται,
1143 1513 1253 1557 ὅταν,
1289 1514 1339 1552 ὥς
1362 1516 1476 1562 ἔφην,
1514 1516 1577 1566 ἔχῃ
1603 1520 1666 1551 καὶ

188 1572 390 1618 διοικήσεις
414 1572 525 1606 τινῶν
547 1571 722 1620 λυπηρῶν
761 1577 822 1607 καὶ
859 1570 1062 1619 ἀπολογίαν
1089 1571 1164 1606 τῶν
1188 1570 1423 1618 ἐγκλημάτων
1447 1572 1668 1618 ἐσχηματισ-

186 1632 315 1675 μένην,
343 1629 508 1664 ἐναντίας
538 1628 679 1663 τούτων
710 1626 820 1673 οὔσης
842 1629 908 1673 τῆς
934 1627 1138 1674 διηγήσεως
1173 1632 1234 1662 καὶ
1267 1628 1381 1675 ψιλήν
1415 1630 1490 1663 τοῖν
1512 1628 1667 1665 πεπολι-

186 1687 371 1731 τευμένων
395 1683 547 1729 ἐχούσης
581 1683 740 1726 ἔκθεσιν,
768 1686 790 1719 i.
816 1698 847 1722 e.
870 1684 1092 1720 κατάστασις
1117 1686 1367 1722 tractationem
1404 1686 1514 1721 habet
1551 1687 1665 1722 mole-

188 1745 334 1778 stiarum
372 1750 408 1776 et
445 1743 626 1776 eriminum
666 1742 930 1783 defensionem,
968 1749 1093 1776 eontra
1130 1753 1172 1775 ea
1197 1739 1366 1787 διήγησις
1392 1746 1524 1779 nudam
1549 1756 1667 1779 rerum

186 1800 451 1846 expositionem
477 1800 645 1833 continet-
698 1799 777 1832 Hoe
803 1799 885 1833 loeo
912 1800 1018 1845 igitur
1034 1798 1183 1832 eandem
1204 1798 1277 1833 fere
1295 1797 1518 1836 κατάστασις
1534 1801 1668 1835 habere

186 1857 326 1891 videtur
352 1856 419 1889 vim
437 1861 474 1890 et
491 1855 802 1901 significationem,
829 1868 934 1902 quam
953 1854 1048 1902 apud
1066 1855 1156 1889 alios
1182 1853 1495 1902 προκατάστασις.
1544 1858 1667 1903 Προ-

184 1909 476 1946 κατάστασιν
511 1923 594 1945 esse
626 1908 876 1957 προδιήγησιν
899 1913 918 1946 i.
952 1924 981 1946 e.
1016 1913 1230 1946 narrationis
1268 1914 1575 1958 praemunitionem
1612 1914 1669 1947 vel

187 1968 353 2017 praeviam
380 1967 558 2014 quandam
573 1968 813 2002 narrationem
839 1967 973 2002 docent
998 1967 1307 2014 Hermogenes
1333 1972 1421 2015 περὶ
1447 1966 1665 2015 chelme-«iu.

188 2024 237 2072 β.’
264 2026 312 2060 111
347 2024 389 2059 81
418 2037 499 2071 sqq.
537 2025 670 2065 Walz.‚
710 2025 890 2059 Psellus
924 2025 1055 2071 ῥητορ.
1084 2024 1143 2064 111,
1171 2026 1235 2058 691
1268 2025 1326 2059 W.
1360 2025 1548 2072 Dionys.
1584 2026 1667 2061 Hal.

192 2083 295 2118 Rhet.
321 2094 352 2116 0.
380 2082 459 2123 Vll,
485 2079 530 2116 δ.’
582 2082 683 2116 Hane
708 2079 1008 2129 προκατάστασιν
1035 2092 1054 2115 a
1080 2081 1295 2127 quibusdam
1322 2081 1390 2115 diei
1417 2080 1559 2127 ἔφοδον
1584 2095 1670 2130 pro—

193 2140 357 2174 babiliter
393 2139 517 2173 docuit
542 2139 581 2173 L.
607 2140 750 2185 Kayser
787 2139 833 2172 ad
866 2139 1027 2172 Cornifie.
1065 2138 1109 2171 ad
1148 2138 1305 2173 Herenn.
1332 2151 1366 2184 p.
1393 2140 1462 2173 220
1486 2140 1521 2174 in
1548 2152 1577 2173 v.
1603 2141 1671 2175 in-

193 2197 450 2231 sinuatione
486 2196 581 2242 expl.
618 2196 675 2230 cll.
714 2196 838 2241 Apsin.
869 2207 904 2241 p.
939 2194 1020 2235 348,
1056 2195 1098 2228 12
1130 2206 1212 2241 sqq.
1244 2195 1385 2229 Teubn.
1437 2196 1491 2230 Cf.
1525 2197 1672 2232 Maxim.

193 2252 346 2288 Planud.
372 2252 541 2299 Prolegg.
568 2252 613 2294 V,
639 2251 706 2286 366
734 2251 868 2286 Walz.:
894 2247 1034 2296 ἕφοδός
1058 2263 1099 2285 τε
1123 2250 1192 2298 γάρ
1222 2250 1322 2286 ἐστιν
1355 2250 1377 2296 ἡ
1403 2254 1672 2301 προθεραπεία

190 2310 359 2343 τουτέστι
380 2310 423 2343 τὸ
448 2310 654 2356 προοίμιον
675 2329 691 2337 -
714 2329 729 2337 -
766 2308 838 2344 Cic.
866 2308 911 2344 de
937 2309 1000 2344 Or.
1026 2308 1052 2350 1,
1077 2307 1133 2349 20,
1159 2309 1205 2344 90
1230 2310 1474 2345 insinuare.
1524 2310 1672 2352 Quintil.

193 2365 221 2399 1.
248 2365 292 2399 O.
317 2364 379 2405 1V,
412 2366 439 2406 1,
464 2367 521 2400 42.
571 2365 650 2400 Nisi
675 2365 769 2400 forte
804 2367 856 2400 sie
890 2367 999 2400 statui
1030 2377 1051 2400 a
1084 2367 1158 2399 viro
1186 2366 1296 2400 docto
1336 2373 1492 2412 poterat,
1532 2379 1674 2402 omnem

192 2419 494 2469 προκατάστασιν
518 2423 552 2456 in
579 2419 706 2467 ἐφόδῳ
732 2434 835 2464 esse,
860 2434 933 2457 non
960 2433 1100 2456 omnem
1126 2420 1268 2467 ἔφοδον
1297 2423 1330 2457 in
1356 2422 1671 2469 προκαταστάσει.

190 2475 338 2523 Ἐφόδῳ
375 2478 450 2512 sive
486 2474 773 2525 προκαταλήψει
810 2480 958 2514 similem
997 2491 1101 2514 usum
1139 2480 1235 2525 apud
1274 2481 1532 2515 Anaximeneni
1565 2482 1674 2516 habet

195 2531 558 2581 προκατάληψις
583 2546 635 2576 ea,
663 2548 741 2582 quae
767 2548 851 2582 pars
878 2536 1017 2571 exordii
1043 2543 1110 2576 est,
1141 2536 1186 2569 ad
1212 2537 1500 2572 benevolentiam
1527 2539 1675 2573 audien-

196 2592 285 2625 tium
321 2591 535 2638 captandam
567 2592 709 2627 idonea-
758 2592 811 2627 Cf.
838 2595 956 2629 Anax.
982 2606 1016 2640 p.
1045 2593 1124 2633 215,
1149 2592 1206 2625 30.
1233 2591 1312 2635 218,
1339 2595 1385 2628 12
1410 2606 1466 2641 sq.
1505 2594 1677 2642 Spengel.

199 2647 245 2681 ad
269 2648 386 2683 Anax.
412 2647 654 2684 Commentar.
686 2661 721 2695 p.
755 2650 824 2684 223
855 2650 917 2693 (ad
943 2662 978 2696 p.
1005 2649 1061 2684 64.
1087 2660 1120 2682 v·
1150 2649 1219 2693 10).
1276 2650 1317 2685 In
1349 2652 1677 2698 progymnasmatis

195 2705 284 2740 haec
311 2706 487 2741 orationis
512 2718 596 2754 pars
621 2705 903 2753 προκατασκευή
929 2707 1068 2743 dicitur.
1117 2706 1172 2742 Cf.
1196 2706 1276 2743 Ind.
1304 2708 1423 2743 Walz.
1449 2721 1479 2742 s.
1506 2721 1536 2743 v.

1450 2766 1471 2789 τ)
