1938 3153
1544 158 1611 200 27

306 280 355 325 In
388 274 618 334 teti-alogia
658 274 826 333 prima
866 274 923 317 de
953 274 1037 316 hac
1066 288 1113 316 re
1144 273 1296 330 agitur.
1358 273 1439 317 Vir
1470 271 1677 329 quidam‘„

193 365 329 408 quum
361 355 492 391 noct-u
524 362 551 390 a
581 345 784 389 convivio
816 344 999 393 rediret,
1032 341 1287 399 priusquam
1318 342 1495 385 domum
1526 340 1662 385 adve-

194 419 277 466 nit,
309 432 364 459 ex
380 416 549 458 insidiis
569 415 731 472 pet-itus
753 414 871 456 illico
893 411 1163 465 interficitur.
1195 411 1335 452 Servo
1367 411 1513 459 etiam,
1531 423 1662 465 quem

195 501 328 530 unum
359 486 560 528 comitem
590 483 801 532 habebat,
833 481 899 523 vis
916 480 1037 522 illata
1053 472 1142 526 est',
1164 479 1239 534 qui
1261 485 1404 520 tamen
1425 491 1559 533 quum
1576 483 1664 519 tam

195 555 271 597 diu
317 560 595 610 superesset,
639 558 687 593 ut
725 551 1020 604 interrogatus
1056 561 1079 588 a
1113 546 1278 589 domini
1307 545 1570 602 propinquis
1601 546 1666 586 in—

197 624 345 668 dicare
385 628 558 679 posset,
594 635 618 662 a
650 618 811 675 quibus
841 614 1008 659 caedem
1038 621 1334 672 perpetratam
1366 613 1572 663 vidisset,
1604 611 1666 655 af-

197 693 385 737 firmavit
416 692 526 733 inter
558 688 740 731 sicarios
771 685 910 728 fuisse
941 691 1132 727 veterem
1164 683 1383 740 quendam
1409 681 1574 725 domini
1598 680 1667 723 sui

198 761 426 804 inimicum.
488 757 588 810 Quo
639 770 728 797 uno
774 753 891 796 servi
935 753 1051 795 illius
1092 752 1341 794 testimonio
1372 750 1512 793 fretus
1544 755 1669 792 actor

200 828 249 872 ἐκ
296 829 490 871 πίστεων
519 825 599 867 τοῦ
628 820 1136 874 εἰκότος“ἀειηοη5ῑι·ειι·θ
1165 827 1362 869 conatur,
1391 819 1448 861 ab
1479 818 1557 860 illo
1590 817 1670 859 ho·

201 898 316 939 mine
356 895 522 937 caedem
568 908 667 934 esse
705 891 995 933 commissam.
1026 889 1148 930 Reus
1181 902 1362 929 suorum
1392 887 1489 942 ipse
1520 900 1672 927 servo-

203 980 299 1007 rum
345 960 605 1008 testimoniis
646 973 757 1000 usus
788 956 837 999 ἐκ
865 958 1060 1000 πίστεων
1090 957 1169 999 τοῦ
1199 955 1378 1010 ἐλέγχου
1410 954 1590 1011 probat,
1622 966 1672 994 se

203 1047 284 1089 per
315 1046 408 1074 eam
441 1038 633 1077 noctem,
666 1041 797 1083 quum
817 1026 963 1069 caedes
981 1025 1097 1068 facta
1114 1032 1246 1076 esset,
1269 1023 1389 1066 domi
1410 1036 1504 1065 suae
1519 1021 1681 1064 fuisse.
