1938 3153
1552 167 1608 211 59

280 280 501 324 obnoxius
531 280 718 325 futurus.
749 286 772 335 ς
801 281 985 326 89-90.
1016 278 1271 339 ἀνάμνησις.

192 348 245 392 ΙΙ.
276 349 310 403 ¹)
342 349 388 403 a)
418 349 578 393 Melius
612 357 680 393 est
710 365 767 393 ex
796 364 946 393 errore
976 349 1164 393 liberare
1188 365 1308 393 reum
1330 350 1517 407 aliquem
1536 365 1668 408 quam

279 417 438 473 injuria
482 418 775 461 condemnare
793 444 847 451 —
865 419 1002 460 errori
1042 418 1305 473 corrigendo
1336 418 1575 462 remedium
1604 420 1669 461 in·
1713 422 1721 429 '

283 486 466 536 venit-ur,
497 486 714 529 adversus
746 500 925 529 causam
950 485 1195 542 judicatam
1228 485 1468 528 remedium
1499 487 1667 529 nullum

283 562 352 596 est
377 580 423 587 —
454 570 590 610 quare
618 556 662 596 in
694 556 820 597 aliam
853 569 1032 596 causam
1063 554 1303 596 differenda
1336 568 1407 596 res
1426 554 1668 611 est.§91³⁸

283 621 322 665 &z
350 622 406 666 94
435 623 566 665 τοῦτο
595 622 677 678 μὲν
707 622 788 682 γὰρ
819 620 952 678 ἐμοὶ·
969 620 1179 680 --κριταὶ
1208 623 1294 664 τῶν
1324 618 1524 681 ἀληθῶν.

255 692 297 749 b)
328 692 466 734 Error
497 708 584 734 non
617 693 891 735 voluntarius
918 690 1260 735 condonandus.
1283 691 1557 733 voluntarius
1581 706 1669 734 non

283 759 398 802 item.
459 759 607 812 Quare
638 774 693 802 ne
723 774 790 801 me
828 759 1142 801 condemnetis.
1202 760 1359 814 Neque
1391 759 1502 799 enim
1533 758 1671 800 Athe-

285 842 366 869 nas
398 828 637 875 venissem,
669 828 752 869 nisi
783 827 887 869 mihi
918 827 1125 868 conscius
1157 841 1319 876 essem,
1352 841 1419 869 me
1449 827 1670 869 insontem

286 895 430 951 culpoe
461 908 572 936 esse.
604 895 627 950 ξ
657 895 828 936 92-93
846 895 894 935 ³⁹.
929 887 979 936 εὖ
1010 895 1270 936 διαθέσθαι.

256 961 290 1017 ²)
322 961 457 1014 Quod
474 977 541 1005 me
557 962 599 1004 in
612 962 688 1019 jus
705 969 939 1011 vocarunt,
956 977 1043 1004 non
1061 961 1363 1004 admirandum
1382 968 1461 1004 est.
1494 961 1542 1004 Si
1559 962 1671 1004 enim

285 1029 486 1072 celeriter
531 1030 837 1072 calumniando
883 1045 950 1072 me
990 1031 1313 1086 oppresserint,
1346 1045 1517 1072 omnem
1547 1030 1590 1073 in
1623 1045 1672 1073 se

285 1098 522 1140 vindictam
554 1098 775 1141 sublatum
812 1098 861 1141 iri
894 1098 1081 1141 credunt
1116 1124 1162 1130 —
1199 1098 1305 1154 quid
1338 1098 1525 1155 prodest
1557 1100 1670 1141 enim

283 1173 502 1208 mortuum
548 1167 730 1209 ulcisci?
773 1167 796 1222 ξ
836 1167 892 1209 94
906 1167 944 1219 ⁴⁰.
980 1165 1031 1209 τὸ
1061 1166 1110 1209 δὲ
1138 1166 1240 1215 τούς
1269 1167 1671 1225 κατηγόρους--τὰ

284 1232 346 1291 μὴ
377 1234 538 1276 δίκαια.
569 1233 593 1290 ξ
623 1234 690 1276 95.
723 1234 863 1282 κακῶς
891 1235 1129 1277 διαθεῖναι.

198 1301 272 1343 ΙΙΙ.
287 1304 558 1359 προαίρεσις.
590 1301 614 1357 ἓ
644 1301 711 1343 96.

359 1370 432 1411 De
465 1369 734 1411 Oratione
764 1369 871 1419 VI.‚
903 1383 1019 1425 quae
1050 1374 1136 1411 est
1167 1368 1231 1411 de
1264 1369 1521 1427 chorago.

315 1437 434 1480 Civis
481 1438 675 1486 Atticus,
721 1438 790 1479 cui
834 1436 1086 1495 Thargeliis
1118 1452 1276 1480 munus
1309 1439 1490 1495 choragi
1531 1438 1673 1495 injun-

292 1552 338 1586 38
388 1552 519 1587 Rerum
547 1552 876 1598 sententiarumque
902 1550 993 1586 ordo
1019 1553 1053 1586 in
1080 1558 1241 1587 extrema
1268 1553 1449 1594 oratione,
1486 1553 1602 1599 qualis
1638 1554 1671 1588 in

199 1609 416 1644 editionibus
443 1615 580 1651 exstat,
605 1609 769 1644 turbatus
795 1609 945 1645 videtur.
995 1609 1064 1652 Qui
1090 1611 1138 1644 ita
1167 1611 1305 1645 restitui
1343 1611 1493 1657 poterit,
1531 1611 1560 1644 si
1587 1616 1675 1657 post

198 1678 258 1709 ea,
284 1678 360 1714 quae
385 1668 419 1701 in
444 1667 468 1709 ὃ
494 1667 535 1701 91
564 1672 666 1709 sunt,
692 1667 794 1714 sequi
814 1666 987 1713 jubentur
1010 1667 1103 1709 haec,
1141 1680 1219 1714 quae
1248 1669 1282 1702 in
1307 1669 1331 1713 5
1356 1667 1402 1702 94
1427 1680 1521 1702 nunc
1545 1668 1673 1715 legun-

198 1730 273 1759 tur:
295 1722 405 1759 τοῦτο
442 1723 511 1770 μὲν
544 1726 613 1772 γὰρ
649 1723 734 1770 ἐμοὶ
770 1725 1014 1769 πειθομένοις
1043 1722 1130 1770 ὑμῖν
1152 1744 1169 1753 -
1193 1744 1209 1752 -
1231 1744 1247 1752 -
1269 1727 1468 1771 γνωρισταὶ
1504 1726 1673 1771 γίγνεσθε

198 1781 264 1826 τῆς
290 1779 406 1826 δίκης,
445 1779 531 1816 τότε
569 1779 610 1816 δὲ
651 1779 842 1816 δικασταί·
877 1781 941 1816 νῦν
975 1782 1045 1827 μὲν
1077 1779 1255 1824 δοξασταὶ
1279 1780 1354 1816 τῶν
1374 1780 1576 1829 μαρτύρων
1607 1783 1675 1827 (sic

200 1840 291 1875 enim
317 1851 395 1873 cum
423 1838 584 1884 Sauppio
611 1839 835 1885 legendum),
857 1837 942 1873 τότε
969 1836 1010 1887 δὲ
1034 1842 1159 1885 κριταὶ
1182 1838 1258 1872 τῶν
1282 1837 1447 1882 ἀληθῶν.

294 1896 339 1930 39
388 1896 411 1938 S
438 1896 483 1929 93
508 1894 563 1929 ἔτι
593 1896 662 1941 γὰρ
700 1898 761 1928 καὶ
796 1894 862 1929 τοῦ
896 1893 1067 1940 σώματος
1104 1891 1291 1938 ἰσχύοντος
1324 1893 1345 1938 ἡ
1381 1896 1478 1941 ψυχὴ
1504 1907 1677 1942 προαπο-

198 1950 317 1987 λείπει
341 1950 521 1999 ἡγουμένη
547 1952 630 1995 τήν
651 1952 838 1998 τιμωρίαν
865 1948 906 1986 οἰ
925 1950 1029 1995 ἥκειν
1050 1950 1187 1996 ταύτην
1207 1951 1283 1986 τῶν
1306 1949 1564 1998 ἀσεβημάτων.
1595 1952 1676 1987 Vo-

200 2021 277 2045 cem
301 2008 381 2053 τήν
405 2010 536 2044 abesse
562 2015 597 2043 et
622 2008 804 2055 Sauppius
831 2008 963 2042 mavult
980 2014 1015 2043 et
1032 2008 1210 2043 Maetzner.
1249 2009 1323 2043 Sed
1338 2008 1419 2043 ferri
1440 2013 1476 2041 et
1490 2015 1615 2054 potest
1640 2016 1677 2045 et

201 2068 320 2103 debet.
375 2065 520 2111 Ταύτην
543 2066 721 2114 praedieati
759 2068 873 2101 instar·
909 2073 983 2107 cst,
1019 2066 1087 2109 τὴν
1117 2067 1304 2113 τιμωρίαν
1337 2065 1500 2111 subjecti.
1555 2066 1595 2101 ln
1621 2080 1676 2101 vv.

199 2124 266 2160 τοῦ
292 2123 463 2169 σώματος
488 2120 674 2167 ἰσχύοντος
698 2121 721 2168 ἡ
750 2124 848 2170 ψυχὴ
871 2121 1145 2170 προαπολείπει
1170 2123 1332 2170 quaedam
1358 2129 1440 2157 ante
1459 2125 1675 2170 occupando

202 2182 413 2218 adumbrata
438 2182 649 2227 significatio
677 2183 771 2216 inest
796 2181 890 2227 ejus,
916 2180 1014 2227 quod
1041 2186 1171 2227 postea
1191 2180 1325 2214 diserte
1344 2180 1472 2214 dicitur
1495 2183 1677 2229 τιμωρία.

201 2240 254 2275 Cf.
278 2240 302 2283 S
329 2240 374 2273 47
398 2239 463 2272 τὸν
493 2236 671 2279 θάνατον,
696 2240 721 2282 5
746 2239 791 2273 34
815 2239 883 2281 τήν
908 2235 1066 2286 δωρεάν,
1095 2238 1235 2272 Andoc.
1266 2238 1300 2280 1,
1330 2237 1376 2273 22
1412 2237 1488 2272 τῶν
1512 2238 1679 2287 παρανό-

199 2308 292 2341 μων,
319 2295 372 2329 ld.
396 2295 417 2329 l.
442 2295 463 2329 l.
489 2294 507 2339 ξ
538 2296 579 2329 10
601 2297 670 2339 τὴν
690 2293 906 2342 ἀπολογίαν.
957 2295 1038 2330 Vid.
1064 2295 1197 2342 Krneg.
1224 2295 1284 2329 Gr.
1300 2295 1361 2329 Gr.
1376 2297 1402 2336 1,
1422 2297 1477 2337 50,
1504 2298 1539 2338 2,
1556 2297 1578 2331 2
1595 2305 1631 2332 et
1646 2299 1677 2333 6.

293 2352 340 2387 40
388 2351 407 2397 §
433 2352 478 2386 94
502 2353 545 2386 τὸ
572 2348 612 2386 δὲ
636 2354 721 2388 τοὺς
744 2350 971 2399 κατηγόρους
995 2350 1206 2398 διαβάλλειν
1231 2349 1339 2387 οὐδέν
1356 2350 1433 2386 ἐστι
1446 2353 1677 2397 θαυμαστόν.

200 2407 341 2445 τούτων
362 2410 431 2455 γὰρ
458 2407 566 2456 ἔργον
588 2409 712 2450 τοῦτο,
750 2406 853 2454 ὑμῶν
885 2406 933 2444 δὲ
970 2410 1014 2443 τὸ
1048 2411 1100 2455 μὴ
1136 2409 1343 2443 πείθεσθαι
1373 2410 1419 2443 τὰ
1448 2411 1499 2453 μή
1536 2407 1677 2445 δίκαια.

202 2467 406 2516 Conjecerit
429 2466 579 2501 forsitan
607 2467 783 2514 quispiam
807 2466 950 2502 τούτων
982 2467 1065 2512 μὲν
1098 2468 1168 2514 γὰρ
1201 2463 1275 2499 κτλ.
1313 2472 1462 2513 propter
1486 2464 1590 2511 ὑμῶν
1614 2465 1677 2503 δέ.

203 2526 427 2573 Quamquam
453 2526 584 2573 pluries
612 2525 709 2572 apud
734 2526 879 2572 Antiph.
910 2526 943 2560 in
974 2526 1093 2572 priore
1125 2524 1285 2559 membro
1312 2525 1572 2560 enunciationis
1598 2527 1680 2570 μέν

202 2584 387 2631 particula,
412 2584 471 2619 ubi
497 2583 581 2631 poni
606 2588 767 2629 poterat,
810 2583 993 2624 omittitur,
1018 2588 1057 2616 ut
1080 2582 1111 2616 h.
1138 2594 1189 2616 or.
1214 2582 1233 2628 §
1263 2584 1283 2616 7
1308 2580 1398 2617 ὅταν
1422 2579 1489 2623 δέ,
1521 2582 1540 2628 §
1571 2583 1611 2616 13
1638 2584 1679 2617 σὺ

202 2638 257 2682 δέ,
283 2641 307 2684 g
334 2641 379 2676 69
403 2640 465 2676 νῦν
489 2638 549 2682 δέ,
589 2639 607 2686 §
632 2639 672 2673 71
702 2640 788 2676 τοὺς
813 2636 876 2682 δέ,
907 2639 926 2687 ξ
956 2641 999 2675 77
1021 2639 1101 2676 τοῖς
1134 2636 1166 2674 δ’
1192 2635 1335 2682 ἄλλοις,
1370 2652 1420 2675 οῐ·.
1446 2639 1482 2672 V
1510 2639 1528 2686 §
1554 2638 1577 2675 8
1599 2641 1680 2677 τοῖς

202 2695 264 2738 δέ,
299 2699 318 2744 §
341 2699 390 2732 -15
413 2697 542 2747 ἕτερον
565 2695 607 2733 δέ
630 2710 726 2738 τινα,
754 2698 795 2733 al.
