1938 3153
372 171 427 213 72

401 284 617 326 andorum
669 283 972 340 paeandaeque
1022 284 1212 326 civitat-is
1264 291 1379 327 sunt.
1430 285 1453 341 ξ
1503 286 1726 329 106-109
1743 285 1791 328 ⁶⁷.

402 355 646 409 συμφέρον.

313 417 389 461 IV.
405 419 533 462 Rami
565 435 745 477 quoque
776 420 887 462 oleae
918 419 1139 477 mysteriis
1170 419 1213 461 in
1243 419 1472 463 Eleusinio
1505 421 1697 478 depositi
1721 436 1790 464 me

401 496 676 531 accusarunt.
709 488 734 543 5
770 488 1006 539 110-136,

376 556 409 596 l.
443 556 488 611 a)
518 555 751 612 πρόθεσις.
783 554 809 610 5
847 555 937 596 110.

372 623 414 680 b)
447 623 514 664 De
558 623 804 678 quaestione
839 622 884 663 in
915 621 1142 665 Eleusinio
1173 622 1324 666 habita
1354 624 1558 666 narratio.
1592 624 1616 679 ξ
1653 625 1788 666 lll-

405 690 495 732 112.
528 689 899 747 (παραδιήγησις).

371 759 409 815 c)
442 759 653 814 Apparet,
685 772 710 799 a
755 772 824 799 me
869 771 1035 799 ramum
1075 757 1185 800 oleae
1216 773 1305 800 non
1336 757 1588 815 depositum
1620 774 1731 801 esse.
1763 758 1787 814 ξ

406 825 642 867 113-114,
673 823 803 872 εἰκός.

368 893 413 951 d)
447 892 686 946 Quomodo
719 892 881 935 Callias
912 893 1009 948 ipse
1040 892 1126 935 hoc
1157 892 1316 936 fecisse
1348 901 1550 950 repertus
1582 893 1659 942 sit,
1690 907 1788 935 nar-

400 968 535 1003 ratur.
567 960 593 1017 5
629 960 865 1003 115-116,

370 1028 408 1071 2.
440 1029 486 1086 α)
519 1028 638 1081 Quid
678 1034 887 1084 spectans
920 1027 1080 1070 Callias
1112 1027 1199 1071 hoc
1229 1028 1358 1071 feeit?
1388 1029 1411 1085 ἕ
1448 1030 1525 1072 117
1556 1029 1645 1071 init.
1676 1027 1788 1086 πρό-

394 1099 537 1143 aem.
569 1095 792 1150 (ἐξέτασις.
826 1095 850 1150 5
887 1096 1139 1150 117-136).

373 1165 418 1221 a)
449 1164 601 1206 Filiam
634 1163 809 1220 Epilyci
842 1177 924 1204 suo
956 1162 1047 1204 filio
1080 1178 1104 1205 a
1138 1178 1186 1205 se
1218 1163 1306 1220 peti
1339 1163 1463 1213 dicit,
1496 1164 1579 1206 sibi
1609 1164 1694 1220 ipsi
1712 1177 1787 1206 au-

396 1240 483 1274 tem
516 1247 608 1274 eam
650 1246 849 1287 quaerere
881 1231 1013 1286 cupit.
1046 1231 1069 1285 ξ
1107 1232 1339 1273 117-123.
1370 1233 1598 1288 μαρτυρία.

367 1300 409 1357 b)
443 1299 553 1354 Quis
584 1297 666 1341 fuit
696 1298 770 1340 isti
801 1297 946 1339 filius?
977 1313 1031 1340 ex
1063 1298 1309 1356 Chrysiade
1340 1307 1475 1341 matre
1508 1299 1623 1356 ejus,
1656 1312 1786 1354 quam

396 1383 582 1410 uxorem
616 1367 814 1409 duxerat.
847 1365 872 1421 §
910 1366 1144 1409 124-127.
1176 1369 1404 1424 μαρτυρία.

366 1436 405 1494 c)
439 1434 687 1478 lnauditum
719 1433 867 1475 adhuc
899 1440 987 1482 est,
1020 1449 1151 1476 unum
1184 1434 1459 1490 eundemque
1489 1435 1531 1477 in
1550 1435 1679 1485 aviae,
1698 1449 1784 1477 ma-

394 1505 495 1552 tris,
528 1503 628 1545 filiae
660 1502 979 1544 matrimonium
1010 1502 1085 1543 ire.
1117 1503 1140 1557 ἓ
1175 1502 1256 1544 128
1276 1529 1304 1533 -
1323 1502 1411 1544 129.
1444 1502 1669 1560 (αὔξησις).

366 1572 411 1628 d)
445 1570 585 1613 Omen
617 1570 673 1612 de
705 1569 995 1617 homunculo,
1027 1575 1074 1610 ut
1106 1569 1247 1625 ajunt,
1271 1569 1516 1611 domestico
1534 1570 1652 1626 apud
1678 1570 1785 1626 Hip-

397 1638 603 1694 ponicum
632 1637 677 1678 in
709 1636 888 1679 Calliam
921 1635 1195 1678 transfertur.
1228 1636 1253 1692 §
1290 1637 1525 1679 130—131.
1557 1639 1785 1694 (σημεῖον).

336 1705 381 1762 β)
413 1704 564 1757 Quod'
594 1705 632 1746 si
672 1704 895 1759 quaeritur,
926 1718 1062 1757 qnare
1094 1703 1244 1745 Caniae
1275 1704 1460 1758 ejusque
1492 1705 1626 1746 sociis
1657 1712 1784 1747 antea

397 1774 517 1829 pius,
548 1786 665 1814 nunc
695 1771 854 1826 impius
887 1770 1039 1812 videar
1070 1770 1110 1825 (ξ
1150 1771 1226 1812 132
1257 1771 1345 1812 init.
1377 1770 1548 1827 πρόθ.),
1580 1771 1636 1814 de
1661 1773 1784 1827 quin-

394 1839 674 1896 quagesimae}
705 1838 1008 1892 redemptione
1040 1838 1188 1879 odium
1222 1853 1372 1879 eorum
1398 1849 1441 1879 et
1456 1839 1663 1881 invidiam
1681 1855 1785 1882 con-

396 1909 510 1951 traxi
528 1907 576 1949 ⁶⁸.
608 1906 633 1963 5
672 1905 956 1948 132—13669.

307 1979 361 2020 V.
396 1977 461 2018 De
494 1976 667 2017 navium
700 1974 919 2015 locatione
952 1979 994 2014 et
1027 1979 1269 2014 mercatura
1302 1989 1370 2015 me
1401 1983 1674 2018 accusarunt.
1712 1976 1784 2018 Dii

396 2090 441 2125 67
492 2089 648 2135 Propter
671 2085 857 2134 πρόθεσιν
881 2088 905 2130 5
938 2087 1000 2121 106
1026 2088 1098 2121 init.
1125 2092 1269 2132 poterat.
1297 2087 1371 2122 haec
1401 2099 1485 2133 pars
1519 2099 1588 2122 una
1621 2089 1783 2134 quaedam

304 2149 415 2182 totius
443 2146 616 2180 orationis
642 2145 783 2184 haberi,
823 2144 889 2178 sed
923 2156 1005 2177 vere
1043 2155 1117 2178 rem
1143 2143 1459 2177 considerantibus
1486 2153 1680 2179 extremam
1706 2158 1783 2180 eam

305 2212 445 2251 partem
471 2215 555 2237 esse
581 2212 723 2242 eorum,
750 2212 827 2246 quae
849 2201 899 2243 55
925 2200 1088 2235 70-109
1114 2200 1352 2240 continentur,
1379 2207 1539 2246 apparet.

403 2261 448 2294 68
498 2259 517 2304 ξ
549 2258 611 2292 132
637 2279 653 2284 -
680 2278 694 2284 -
720 2259 822 2301 μυῶν
856 2257 925 2301 μὲν
956 2256 1001 2291 'A
1019 2277 1033 2285 -
1058 2277 1074 2283 -
1098 2276 1114 2284 -
1137 2254 1335 2301 Δελφόν.
1398 2256 1458 2291 Sic
1485 2257 1612 2299 Bekk„
1643 2258 1784 2301 sehin„

307 2318 449 2352 Turicc.
464 2314 581 2350 Codd.
595 2312 772 2359 ἀδελφόν.
799 2313 946 2347 Inutiles
972 2315 1005 2348 in
1032 2314 1097 2347 hae
1111 2325 1202 2347 voce
1220 2313 1460 2359 discerpenda
1485 2314 1649 2350 videntur
1673 2316 1785 2352 fuisse

307 2375 499 2410 doctorum
525 2373 680 2407 virorum
706 2371 864 2405 labores.
913 2369 1085 2403 Nimirum
1112 2369 1302 2415 legendum
1329 2381 1373 2404 ex
1399 2370 1517 2406 Codd.
1540 2369 1782 2417 Ἀδελφόν,

305 2432 405 2479 quod
431 2442 565 2466 nomen
592 2429 776 2476 proprium
805 2434 873 2462 est.
924 2426 977 2461 Cf.
1002 2426 1158 2461 Boeckh.
1184 2426 1291 2473 Corp.
1315 2426 1427 2462 Inscr.
1439 2427 1517 2463 239.
1530 2428 1610 2465 300.
1635 2429 1783 2464 Tom.1.

334 2516 340 2522 .
367 2489 448 2523 403.

306 2502 329 2537 p
399 2546 444 2578 69
495 2544 513 2588 ξ
540 2543 607 2577 136
631 2543 747 2577 ταῦτα
773 2543 842 2588 μὲν
879 2536 954 2582 οὖν,
994 2534 1025 2574 ὦ
1060 2538 1193 2588 ἄνδρες
1223 2538 1414 2583 δικασταὶ,
1447 2544 1594 2577 τοὺτοις
1624 2540 1785 2584 ποιητέα

301 2597 359 2647 ἦν,
386 2601 473 2646 ὑμῖν
495 2598 535 2635 δὲ
559 2601 602 2633 τὸ
629 2600 794 2634 ἐναντίον
817 2597 972 2633 τούτων.
1034 2598 1132 2631 Fort.
1157 2598 1349 2645 legendum
1374 2596 1482 2642 ὑμῖν
1506 2596 1556 2632 δέ
1582 2608 1628 2642 γε
1655 2597 1705 2630 τὸ
1731 2594 1784 2636 εἴ,

303 2659 402 2707 quod
439 2659 558 2706 ipsum
585 2661 621 2690 et
646 2667 667 2689 a
692 2654 850 2690 Sluitero
877 2667 911 2702 p.
939 2653 1007 2690 107
1031 2658 1068 2689 et
1093 2665 1114 2688 a
1138 2654 1385 2691 Valokenaerio
1423 2654 1664 2701 conjectatum
1701 2663 1786 2688 esse

302 2715 421 2757 video,
447 2720 484 2750 et
509 2726 530 2749 a
554 2712 598 2748 R.
622 2712 769 2748 Klotzio
796 2711 843 2747 N.
872 2711 996 2747 Jahrb.
1021 2710 1123 2753 xm,
1148 2710 1169 2745 4
1194 2711 1316 2754 (1835)
1340 2723 1375 2758 p.
1402 2711 1470 2746 395
1497 2708 1696 2746 defensum.
