1938 3153
313 218 370 262 86

259 334 358 377 doc.
391 337 426 379 1.
463 334 513 377 19
543 333 597 376 τᾶ
640 333 736 388 μὲν
782 333 992 390 γενόμενα
1024 332 1263 394 ἠκούσατε,
1294 329 1328 378 ὦ
1358 334 1530 395 ἄνδρες,
1551 361 1569 370 -
1588 361 1606 370 -
1626 332 1656 379 ἃ
1683 334 1739 380 δὲ

258 404 308 445 οἱ
336 402 573 461 κατήγοροι
603 402 853 462 ἐτόλμησαν
883 402 1087 445 εἰπεῖν·
1116 405 1153 445 A
1185 404 1472 461 βεβαιώσει
1489 405 1546 448 ad
1563 405 1738 448 ἐπίλο-

259 485 353 523 γον
399 487 465 527 ap.
518 472 696 527 Ant-iph.
743 476 794 520 11,
839 476 880 527 β,
926 473 975 514 10
1005 467 1117 513 οἶῖτω
1149 471 1244 525 μὲν
1272 469 1302 515 ἃ
1330 472 1626 530 κατηγόρηταί
1651 487 1739 527 μου

250 538 397 581 πάντα
432 538 602 581 ἄπιστά
631 539 763 581 ἐστιν·
795 538 1038 581 ἀπολύεται
1054 539 1111 581 δὲ
1128 540 1215 582 κτλ.
1239 565 1281 572 -
1304 541 1353 582 In
1371 540 1590 596 reliqua
1622 555 1734 582 ora-

250 607 402 649 tione
434 623 501 663 ap.
535 607 712 663 Antiph.
747 612 788 657 11,
820 623 869 660 α,
917 608 943 650 9
988 607 1040 649 τᾶ
1070 607 1165 661 μὲν
1195 607 1439 663 βιασάμενα
1460 632 1477 641 -
1497 633 1514 641 -
1534 607 1732 665 -μάρτυ·

249 687 321 730 ρες
349 671 390 715 δ’
418 673 460 715 εἰ
488 673 569 727 μὲν
601 674 691 716 κτλ.
724 675 777 721 V,
809 676 861 717 31
898 674 955 723 ὥς
985 675 1079 729 μὲν
1113 671 1298 731 ὕστερον
1326 674 1466 730 τούτῳ
1496 677 1557 730 τῷ
1585 675 1730 732 χρόνῳ

248 739 275 783 ὃ
323 739 433 800 ἀνὴρ
479 742 759 801 ἐβασανίσθη
782 768 799 776 ·-
820 769 837 776 -
857 768 875 775 -
895 746 1127 801 προςὲχετε
1158 743 1212 786 δὲ
1242 742 1321 786 τὸν
1349 744 1468 787 νοῦν.
1499 744 1526 786 l.
1558 744 1586 786 l.
1617 744 1643 800 §
1675 744 1731 787 60

246 811 383 852 ταῦτα
426 809 521 864 μὲν
567 809 672 866 ὑμῖν
701 812 811 866 λέγω
835 836 852 844 -
873 836 890 844 -
909 813 980 854 δεῖ
1006 813 1061 854 δέ
1089 826 1146 865 με
1178 812 1266 854 κτλ.
1330 812 1498 855 Andoc.
1529 817 1565 863 Ι,
1596 813 1651 856 25
1683 814 1734 855 αἱ

243 878 339 932 μὲν
368 878 581 937 μηνύσεις
612 870 695 922 ὧδε
725 879 832 937 περὶ
865 881 951 922 τῶν
979 882 1234 938 μυστηρίων
1267 870 1395 930 αὗται
1418 879 1617 934 ἐγένοντο
1638 884 1730 924 τέτ-

245 961 385 1004 ταρες·
418 951 464 988 οἳ
493 947 547 990 δὲ
578 948 769 1003 ἔφευγον
799 948 888 989 κτλ.
950 949 974 989 1.
1009 949 1033 989 1.
1066 948 1091 1003 §
1123 950 1177 990 43
1209 947 1235 1006 ἡ
1266 947 1362 1002 μὲν
1385 947 1633 1002 εἰσαγγελία
1653 946 1730 991 αὕ-

245 1016 349 1067 τῶν,
382 1008 415 1056 ὦ
448 1014 620 1072 ἄνδρες,
652 1015 848 1074 τοιαύτη·
879 1014 1134 1073 ἀπογράφει
1164 1016 1218 1059 δὲ
1250 1015 1303 1059 τὰ
1336 1013 1544 1070 ὀνόματα.
1582 1016 1606 1058 l.
1640 1016 1665 1058 l.
1699 1015 1725 1072 §

241 1083 299 1125 80
333 1082 442 1125 κατὰ
470 1083 568 1137 μὲν
596 1084 646 1125 τὸ
682 1084 901 1142 ψήφισμα
934 1084 1094 1126 τουτὶ-
1115 1109 1132 1116 ·
1152 1084 1253 1132 τοὺς
1281 1084 1335 1127 δὲ
1365 1083 1607 1139 φεύγοντας
1636 1084 1725 1126 κτλ.

242 1151 268 1193 1.
302 1152 326 1193 l.
358 1151 386 1208 §
426 1153 502 1194 113
535 1151 592 1201 ὡς
618 1151 715 1206 μὲν
746 1150 900 1210 ἀληθῆ
929 1152 1038 1206 λέγω
1069 1150 1412 1210 μεμαρτύρηται.
1433 1150 1550 1194 πολὺ
1571 1151 1628 1194 δέ
1644 1166 1724 1206 μοι

239 1220 364 1261 δοκεῖ
406 1220 495 1261 κτλ.
548 1220 726 1276 Antiph.
772 1224 840 1266 111,
886 1224 927 1275 β,
959 1222 1073 1261 7--8
1103 1220 1152 1261 τὸ
1183 1219 1281 1273 μὲν
1314 1220 1463 1260 τοίνυν
1492 1219 1723 1276 μειράκιον

238 1312 256 1320 -
278 1313 294 1320 -
316 1313 333 1320 -
356 1286 379 1330 ὃ
411 1287 468 1330 δὲ
498 1294 605 1336 παῖς
635 1288 725 1330 κτλ.
788 1288 848 1330 ld.
883 1288 936 1337 V,
969 1288 1149 1331 52-53.
1183 1286 1351 1329 Andoc.
1383 1290 1409 1334 Ι,
1429 1287 1599 1330 29-34
1615 1286 1722 1345 περὶ

233 1354 330 1409 μὲν
374 1356 460 1396 τῶν
504 1357 760 1414 μυστηρίων
790 1381 807 1388 -
827 1380 845 1387 -
867 1379 884 1387 -
906 1356 945 1411 (ξ
976 1357 1048 1407 34)
1079 1354 1184 1411 περὶ
1215 1354 1270 1397 δὲ
1304 1356 1389 1396 τῶν
1420 1352 1721 1412 ἀναθημάτων

231 1423 323 1466 κτλ.
341 1423 378 1449 ⁹²

349 1490 530 1533 Tertius
578 1490 701 1546 prius
733 1490 847 1532 illud
880 1491 1151 1533 transitionis
1191 1505 1331 1548 genus
1362 1491 1510 1533 verbis
1543 1492 1718 1534 enunci-

237 1559 342 1603 andi
373 1559 556 1608 modus,
589 1559 664 1615 qui
695 1559 738 1601 in
771 1558 1016 1616 tetralogiis
1048 1558 1139 1601 fere
1171 1558 1458 1616 Antiphontis
1489 1558 1720 1609 invenitur,

230 1629 273 1671 in
307 1643 359 1670 eo
393 1634 481 1677 est,
511 1634 561 1668 ut
590 1626 880 1679 παλιλλογίαν
909 1626 1074 1669 indicet
1104 1628 1380 1683 participium
1412 1634 1488 1669 aut
1518 1628 1714 1684 genitivo

231 1696 463 1745 absoluto,
495 1706 545 1737 ut,
574 1694 720 1751 ajunt,
751 1696 946 1750 positum
978 1702 1054 1737 aut
1084 1695 1141 1737 ad
1174 1696 1423 1752 subjectum
1449 1694 1716 1737 enunciatio-

228 1764 297 1806 nis
331 1763 401 1805 vel
434 1763 658 1819 objectum
679 1763 863 1804 relatum
876 1796 885 1812 ‚
906 1761 1133 1820 πρόθεσιν
1150 1768 1293 1805 autem
1311 1761 1563 1818 primarium
1580 1776 1715 1804 enun-

231 1831 434 1874 ciationis
466 1830 719 1872 membrum.
784 1830 881 1872 Hoc
912 1830 1047 1872 modo
1079 1830 1295 1872 transitus
1313 1828 1714 1886 ἢῢειβεβαιῶσει

233 1899 290 1942 ad
342 1898 601 1951 ἐπίλογον
646 1912 713 1954 ap.
747 1898 926 1954 Antiph.
958 1902 1001 1949 Π,
1031 1913 1074 1951 α,
1105 1899 1131 1941 9
1162 1896 1445 1952 ἐλεγχόμενος
1472 1895 1513 1941 ‹5'
1541 1896 1636 1941 ὑπό
1660 1911 1714 1941 ’τε

223 1969 310 2009 τῶν
357 1966 541 2009 εἰκότων
586 1964 681 2008 ὑπό
724 1980 772 2007 τε
816 1967 902 2008 τῶν
949 1970 1317 2022 παραγενομένων
1361 1963 1509 2008 οὐδενὶ
1556 1965 1710 2023 τρόπῳ

225 2034 330 2078 οὔτε
380 2035 559 2082 δικαίως
608 2033 710 2077 οὔτε
759 2034 1076 2090 συμφερόντως
1119 2030 1352 2077 ἀπολύοιτ’
1381 2032 1435 2076 ἄν
1464 2029 1546 2088 ὑφ’
1573 2031 1709 2087 ὑμῶν.

222 2105 286 2147 Id.
325 2108 377 2152 Π,
416 2119 454 2157 γ,
495 2104 533 2145 9.
565 2107 616 2150 Π,
647 2104 686 2155 δ,
727 2105 786 2145 11.
820 2106 887 2151 111,
918 2105 959 2157 β,
1001 2105 1039 2144 11
1078 2102 1301 2150 ἐλεοῦντες
1346 2095 1425 2143 οὖν
1469 2101 1599 2143 τοῦδε
1626 2099 1709 2154 μὲν

223 2174 304 2215 τοῦ
332 2176 435 2215 νέου
466 2170 538 2213 καὶ
571 2167 772 2213 ἀναιτίου
805 2174 874 2224 (ex
908 2171 1019 2226 conj.
1054 2171 1263 2227 Kayseri)
1293 2168 1375 2227 τὴν
1405 2166 1710 2227 ἀναμάρτητον

220 2239 460 2297 συμφορὰν
491 2240 582 2281 κτλ.
614 2243 682 2288 111,
713 2254 751 2292 γ,
789 2241 850 2281 11.
882 2243 946 2289 IV,
965 2254 1001 2292 y,
1020 2240 1057 2281 6.
1079 2239 1195 2280 —In
1228 2238 1515 2294 prooemio
1532 2252 1599 2295 ap.
1619 2240 1706 2281 An·

222 2309 331 2365 tiph.
363 2312 416 2355 ΙΙ,
446 2322 497 2359 α,
529 2308 554 2349 3
586 2303 781 2355 ἅπαντος
817 2306 865 2350 δὲ
898 2308 978 2349 τοῦ
1005 2306 1254 2362 μιάσματος
1284 2303 1616 2364 ἀναχωροῦντος
1644 2306 1708 2356 εἰς

216 2376 332 2436 ἡμᾶς
363 2375 419 2424 ὥς
448 2371 503 2418 ἂν
536 2375 774 2430 δυνώμεθα
806 2375 895 2416 κτλ.
927 2378 994 2422 111,
1012 2390 1049 2427 γ,
1067 2377 1104 2416 3.
1129 2402 1172 2409 -
1198 2376 1243 2417 ln
1278 2376 1501 2432 epilogo
1523 2391 1591 2432 ap.
1613 2377 1702 2419 An·

218 2446 327 2502 tiph.
359 2449 410 2494 ll,
443 2447 484 2501 β,
526 2445 666 2493 11.11,
701 2459 738 2498 γ,
778 2445 846 2487 10;
885 2444 946 2486 11.
977 2446 1029 2492 11,
1059 2443 1099 2495 δ,
1140 2443 1295 2492 12111,
1328 2457 1365 2498 γ,
1402 2444 1614 2498 11.111‚‹5,
1640 2445 1703 2488 10.

217 2518 275 2563 w,
306 2514 345 2565 δ,
382 2514 445 2555 ll.
468 2538 512 2545 -
535 2517 577 2555 In
611 2513 830 2569 reliqua
868 2512 1122 2553 oratione
1154 2527 1222 2568 ap.
1256 2513 1503 2568 Antiph.11‚
1532 2527 1576 2564 α,
1606 2513 1705 2560 5.11‚

214 2584 255 2635 δ,
301 2583 363 2625 ΙΟ.
402 2584 470 2630 111,
508 2584 549 2636 β,
589 2581 635 2632 ὃς
667 2582 714 2632 83
752 2582 814 2624 10.
847 2594 885 2633 γ,
924 2580 984 2622 10.
1015 2580 1054 2632 δ,
1085 2582 1123 2625 8.
1155 2584 1211 2623 IV.
1242 2584 1282 2637 β,
1315 2581 1352 2623 6.
1385 2581 1425 2633 ὃ,
1457 2582 1495 2623 3.
1527 2580 1698 2623 Andoo.

213 2654 262 2692 111
271 2683 281 2699 ‚
313 2650 381 2692 28.

304 2764 349 2799 93
400 2763 454 2799 Cf.
482 2769 605 2800 annot·
631 2763 686 2799 89.
