1938 3153
1590 166 1648 207 47

259 287 555 341 Ἔπίλογος.
586 286 613 343 §
644 285 770 329 6-7.
1020 280 1314 335 Ἐπίλογος.
1345 281 1374 339 5
1403 282 1558 325 9-11.

202 362 228 401 l.
291 354 551 399 Manifestus
584 361 652 396 est
682 352 830 396 caedis.
876 350 945 394 Eo
961 353 988 394 1.
1046 350 1186 393 Reum
1203 350 1421 392 insontem
1438 349 1706 407 culpaeesse,

290 421 433 457 autem
475 412 670 455 audaciae
706 410 945 467 processit,
1050 414 1340 450 monstratum
1372 414 1452 450 est.
1513 407 1647 461 Quod
1666 407 1705 448 si

289 478 337 514 ut
386 485 473 513 non
523 470 631 512 satis
664 468 865 511 habuerit
896 481 945 508 se
1048 481 1104 508 ex
1133 465 1199 514 iis,
1232 478 1333 521 quae
1364 464 1480 507 dicta
1502 471 1617 513 sunt,
1635 464 1706 505 vel

290 528 528 570 defendere
567 526 646 569 sed
682 541 762 568 nos
796 525 943 571 etiam,
1047 522 1241 565 damnari
1265 522 1336 564 vel
1351 521 1525 564 liberari
1548 521 1705 577 possit,

295 586 475 628 sceleris
509 585 732 631 vindices,
764 583 943 624 insimu-
1048 581 1119 623 vel
1150 580 1215 622 sic
1247 579 1421 622 liberari
1444 593 1543 621 eum
1567 579 1705 621 tutius

291 644 391 685 lare.
424 642 449 698 §
481 642 519 683 6.
551 642 690 688 κακῶς
705 641 941 682 διαθεῖναι.
1045 639 1194 686 vobis,
1219 637 1420 693 judices,
1453 637 1545 678 erit.
1588 634 1706 687 Qua-

203 704 246 741 ll.
285 700 552 757 προαίρεσις.
586 698 614 755 §
635 699 672 740 7.
1046 709 1094 737 re
1127 708 1260 749 quum
1292 693 1557 735 homicidam
1581 693 1707 748 puni-

1044 766 1091 793 re
1137 751 1368 806 quaeratis,
1401 764 1455 792 ne
1485 750 1705 792 insontem

1042 808 1357 851 condemnetis.
1401 806 1645 863 Utriusque
1663 814 1707 848 et

1043 866 1202 908 mortui
1235 872 1278 908 et
1309 865 1397 907 vivi
1427 879 1578 906 manes
1602 879 1707 920 poe-

1042 938 1140 966 nam
1172 929 1391 980 expetent.
1423 921 1625 979 §9—10.
1656 913 1707 965 εὖ

1042 981 1281 1023 διαθεῖναι.

954 1042 996 1081 11.
1036 1039 1307 1095 προαίρεσις.
1338 1041 1361 1090 ς
1396 1037 1459 1080 11.

315 1145 389 1187 De
422 1144 677 1186 oratione
717 1142 789 1192 V.‚
821 1155 937 1198 quae
969 1147 1055 1183 est
1086 1140 1150 1183 de
1181 1139 1327 1183 caede
1359 1140 1617 1183 Herodis.

342 1212 622 1271 Mytilenaeus
670 1209 848 1270 quidam
887 1208 1086 1265 juvenis,
1126 1209 1195 1251 cui
1227 1223 1384 1250 nomen
1418 1207 1533 1250 Helo
1564 1208 1708 1251 fuisse

227 1282 361 1326 tradit
390 1282 441 1331 is,
473 1280 549 1336 qui
578 1280 712 1337 hujus
744 1277 955 1321 orationis
986 1274 1215 1320 ὑπόθεσιν
1244 1277 1443 1334 scripsit,
1465 1277 1707 1333 aliquando

227 1365 326 1393 cum
374 1348 575 1398 Herode,
614 1346 870 1406 Mytilenaeo
902 1347 1019 1395 cive,
1050 1360 1205 1388 navem
1237 1345 1496 1387 conscendit
1536 1347 1707 1389 Aenum

226 1418 461 1461 Thraciam
508 1418 681 1465 urbem,
727 1415 803 1458 ubi
841 1415 1071 1458 habitabat
1099 1422 1226 1471 pater
1257 1413 1376 1464 Heli,
1408 1413 1707 1470 profecturus.

227 1485 515 1543 Tempestate
546 1491 702 1528 coorta
733 1498 908 1532 navem,
948 1497 1035 1539 qua
1067 1481 1353 1532 vehebantur,
1385 1481 1443 1524 ad
1476 1482 1579 1525 litus
1611 1483 1708 1526 Me-

227 1554 497 1611 thymnaeum
528 1553 815 1609 appulerunt,
847 1557 895 1593 ut
925 1550 1054 1593 aliam
1085 1564 1241 1592 navem
1272 1550 1583 1594 conducerent.
1615 1551 1703 1596 Ubi

227 1622 331 1665 dum
363 1629 599 1670 morantur,
631 1634 765 1676 quum
795 1624 901 1675 post
930 1619 1302 1675 compotationem
1333 1620 1526 1662 virorum
1562 1620 1704 1663 Hero-

228 1690 309 1732 des
342 1695 476 1731 noctu
508 1704 530 1730 e
562 1702 673 1730 nave
705 1688 907 1735 exiisset,
936 1701 1027 1728 non
1057 1687 1199 1729 rediit.
1251 1686 1394 1740 Quam
1416 1688 1474 1730 ob
1491 1702 1584 1730 rem
1600 1703 1704 1745 pro-

227 1758 380 1815 pinqui
412 1757 607 1800 Herodis
642 1756 813 1804 Helum,
845 1770 871 1798 a
901 1769 991 1812 quo
1023 1755 1217 1797 occisum
1246 1755 1370 1798 illum
1387 1770 1489 1799 esse
1505 1757 1705 1814 suspica-

226 1827 398 1874 bantur,
429 1825 564 1867 caedis
596 1830 871 1867 accusarunt.
918 1823 1120 1866 Ceterum
1153 1824 1210 1867 de
1240 1838 1374 1867 causa
1404 1824 1500 1881 ipsa
1519 1825 1571 1868 cf.
1605 1840 1706 1882 quae

227 1893 438 1936 Maetzner
464 1892 660 1949 disputat
691 1907 732 1948 p.
771 1892 848 1935 197
879 1905 979 1949 sqq.
1039 1892 1087 1935 In
1119 1892 1329 1941 oratione,
1348 1905 1478 1948 quam
1496 1894 1610 1938 Helo
1628 1894 1708 1938 de-

227 1961 439 2005 fensionis
471 1975 606 2003 causa
623 1960 849 2017 Antiphon
881 1961 1167 2018 conscripsit,
1198 1960 1269 2003 hae
1299 1967 1404 2003 sunt
1432 1970 1595 2019 partes.

287 2030 606 2087 Προοίμιον.
636 2029 659 2084 ξ
695 2029 845 2071 1-19.

231 2098 264 2140 1.
322 2098 355 2152 ¹)
401 2098 528 2154 Opus
574 2097 677 2139 mihi
719 2104 792 2139 ¹est
821 2097 864 2138 in
897 2103 1016 2138 tanta
1048 2096 1294 2139 calamitate
1322 2097 1545 2154 tantisque
1576 2100 1705 2142 malis

319 2181 400 2223 par
445 2171 513 2208 tot
543 2165 744 2208 cladibus
784 2170 827 2207 et
858 2163 1033 2207 dicendi
1065 2163 1254 2208 facultas
1285 2172 1329 2209 et
1358 2179 1503 2209 rerum
1534 2168 1704 2224 peritia.

318 2233 342 2289 ἓ
377 2235 484 2276 1-3
514 2234 604 2275 init.

287 2301 324 2353 2)
354 2301 399 2359 a)
445 2300 545 2359 Ego
589 2316 696 2344 vero
741 2316 828 2344 non
858 2301 926 2352 id,
962 2302 1084 2360 quod
1116 2302 1189 2345 alii
1220 2302 1448 2360 deprecari
1481 2302 1646 2351 solent,
1678 2317 1704 2345 a

230 2370 357 2414 vobis
389 2382 515 2426 peto,
548 2370 629 2413 sed
660 2378 709 2412 ut
738 2370 843 2413 mihi
874 2371 964 2413 oris
998 2372 1148 2414 vitium
1180 2386 1461 2427 erroremque
1485 2372 1705 2414 sermonis

230 2437 493 2481 condonet-is
511 2439 558 2480 ¹³.
590 2439 656 2494 §3
688 2436 853 2496 ἀνάγκη
884 2431 966 2482 οὖν
985 2465 1037 2472 -
1061 2440 1099 2482 5.

326 2552 368 2585 13
418 2550 436 2596 ξ
464 2553 496 2585 5.
521 2548 612 2585 τάδε
643 2548 684 2585 δὲ
713 2548 849 2597 δέομαι
871 2550 985 2598 ὑμῶν,
1014 2550 1225 2599 συγγνώμην
1260 2551 1356 2596 ἔχειν
1388 2566 1456 2598 μοι
1489 2551 1599 2587 τοῦτο
1632 2552 1708 2596 μὲν

230 2605 296 2642 ἐάν
316 2621 355 2642 τι
382 2608 429 2658 τῇ
452 2605 593 2657 γλώσσῃ
620 2604 789 2656 ἁμάρτω,
827 2612 889 2644 καὶ
920 2608 1094 2658 ἡγεῖσθαι
1119 2606 1276 2658 ἀπειρίᾳ
1297 2608 1386 2645 αὐτὸ
1410 2607 1549 2655 μᾶλλον
1571 2606 1598 2652 ἢ
1621 2606 1704 2643 ἅδι-

229 2665 292 2707 ιιίᾳ
315 2663 580 2713 ἡμαρτῆσθαι,
616 2663 726 2701 τοῦτο
764 2662 806 2701 δὲ
842 2664 908 2703 εὀἱν
940 2680 978 2702 τι
1013 2664 1141 2715 ὀρθῶς
1176 2666 1285 2710 εἴπω,
1323 2665 1484 2714 ἀληθείᾳ
1513 2664 1654 2711 μᾶλλον
1677 2664 1708 2711 ὴ’
