1938 3153
816 126 960 211 &ss
1528 142 1579 182 ⁸¹

246 259 348 315 plus
380 256 515 299 semel
548 256 770 312 apparuit,
803 254 923 311 quod
955 254 1002 302 ii,
1035 255 1107 310 qui
1126 268 1192 295 me
1209 260 1484 304 accusarunt,
1503 269 1637 297 causa

249 338 423 381 semper
454 324 717 365 ceciderunt.
751 322 776 378 δ
807 324 934 365 8-9.
963 321 1078 378 πρὸς
1107 321 1295 363 εὔνοιαν.

220 392 528 446 κακολογία.
569 390 622 433 cf.
670 393 807 433 Anax.
855 390 951 439 228,
984 391 1094 432 5-7
1137 388 1206 444 (τὰ
1238 388 1285 432 ἐν
1315 386 1426 447 αὐτῇ
1456 392 1510 447 τῇ
1540 387 1638 447 (ἔρε-

89 489 91 491 ·
247 463 332 519 τῇ).
363 461 386 517 ξ
425 460 600 503 10-40.

165 530 197 572 1.
258 530 302 587 a)
333 528 568 585 πρόθεσις.
600 527 626 584 §
665 529 726 571 10.

222 596 264 654 b)
296 596 329 650 1)
364 596 428 637 De
474 596 661 643 tributo,
708 595 828 650 quod
876 594 1128 637 Alcibiades
1162 596 1295 637 sociis
1324 595 1638 651 imponendum

252 664 432 706 curavit.
465 662 490 719 §
528 662 704 705 11—12.

218 732 253 787 ²)
287 731 353 772 De
400 731 524 779 dote,
571 744 700 786 quam
748 730 968 785 duplicem
1013 745 1038 771 a
1070 745 1226 772 socero
1273 740 1365 772 tum
1413 731 1515 772 vivo
1548 737 1639 772 tum

254 805 429 841 mortuo
463 798 618 841 exeo-it.
713 798 891 840 13-15.

223 869 259 919 ³)
291 867 529 920 Quomodo
545 833 623 909 t'se
651 797 844 923 §gesserit
873 867 915 908 in
947 866 1296 923 Agatharchum,
1328 867 1554 922 pictorem,
1587 867 1644 907 ci-

252 949 351 977 vem
380 935 627 991 ingenuum.
661 936 684 990 §
720 935 898 976 16-19.

164 995 168 999 ⁴
224 1005 259 1057 ⁴)
293 1003 530 1056 Quomodo
562 1002 801 1051 Tauream,
834 1001 1165 1058 antichoragum
1198 1016 1345 1051 suum,
1379 1004 1643 1044 tractaverit.

311 1071 492 1114 20—21.

223 1070 279 1192 ἧς
291 1139 407 1192 Quid
438 1139 482 1180 in
513 1138 672 1180 Melios
706 1138 861 1193 egerit,
893 1137 999 1192 quid
1032 1137 1088 1180 de
1119 1137 1251 1180 Melia
1281 1138 1448 1195 virgine
1479 1137 1644 1181 fecerit.

225 1207 258 1330 “Sl
291 1277 330 1318 A
360 1274 482 1317 nullo
516 1273 617 1329 plus
650 1287 778 1327 quam
811 1274 866 1315 ab
904 1273 1132 1314 Alcibiade
1162 1274 1329 1316 civitati
1360 1274 1643 1316 metuendum

255 1350 299 1384 et
329 1341 573 1384 cavendum
607 1345 686 1381 est.
717 1339 741 1394 ξ
773 1341 840 1382 24.

168 1410 222 1452 11.
257 1410 324 1452 De
353 1408 583 1452 Alcibiade
616 1407 836 1464 Olympiae
867 1415 1176 1450 commorante.

227 1477 259 1532 ¹)
292 1476 410 1530 Quid
441 1477 484 1518 in
518 1475 774 1517 Diomedem
805 1475 976 1525 fecerit,
1009 1490 1141 1531 quum
1172 1477 1269 1533 ipse
1300 1477 1526 1519 victoria-m
1547 1478 1650 1535 jure

254 1546 412 1602 injuria
442 1550 669 1600 reportare
702 1544 958 1586 decreverit.
991 1544 1016 1600 ς
1049 1545 1232 1590 25-28.

224 1613 259 1667 ²)
291 1611 529 1665 Quomodo
561 1626 687 1661 vasa,
720 1626 820 1667 quae
850 1612 893 1653 in
925 1626 1088 1668 pompa
1118 1613 1222 1655 ferri
1254 1614 1447 1662 soleant,
1478 1615 1575 1670 ipse
1592 1614 1650 1656 ad

255 1695 385 1723 suum
415 1694 544 1722 usum
576 1680 819 1735 arripuerit.
849 1683 873 1732 S
905 1680 971 1721 29.

230 1750 265 1804 3)
297 1748 366 1791 De
412 1748 581 1803 reliqua
628 1748 724 1804 ejus
770 1747 828 1789 ad
870 1748 1120 1805 Olympiam
1150 1751 1507 1794 commoratione.
1539 1750 1565 1806 §
1597 1751 1653 1794 30

257 1884 448 1941 Propter
493 1883 627 1940 hujus
659 1884 797 1939 partis
836 1883 1063 1941 πρόθεσιν
1093 1884 1137 1942 (§
1170 1885 1223 1928 25
1254 1884 1446 1944 ἡγοῦμαι
1476 1883 1515 1929 δ’
1516 1883 1653 1930 αὐτὸν

255 1951 371 2009 πρὸς
398 1952 528 1993 τοῦτο
558 1950 639 2005 μὲν
668 1949 796 1994 οὐδὲν
826 1949 1088 2009 ἀντερεῖν)
1121 1953 1379 2006 credideris,
1410 1957 1454 1998 in
1485 1970 1650 2012 προκα-

258 2020 457 2079 ταλήψει
489 2035 589 2062 esse
622 2021 876 2063 orationem.

180 2088 595 2142 ΙΙΙ.γενεαλογία.
629 2088 692 2130 Cf.
724 2089 863 2130 Anax.
895 2088 992 2138 225,
1025 2088 1092 2130 27.
1115 2090 1216 2145 --§
1249 2091 1315 2132 34.
1338 2115 1395 2122 —

178 2155 254 2197 IV.
275 2148 559 2210 Comparatio
590 2169 686 2197 cum
721 2155 958 2197 Alcibiade.

232 2222 266 2277 ι)
298 2221 393 2279 Ego
441 2229 598 2278 quater
631 2223 955 2265 criminationes
987 2224 1176 2267 sustinui
1209 2234 1253 2267 et
1299 2226 1535 2269 absolutus
1569 2225 1659 2268 dis-

264 2290 392 2331 cessi.
452 2289 533 2331 Ille
579 2305 815 2347 numquam
861 2291 904 2332 in
945 2291 1022 2347 jus
1064 2294 1213 2335 vocari
1243 2308 1293 2335 se
1324 2309 1487 2350 passus
1521 2300 1600 2336 est.
1633 2293 1659 2349 §

267 2356 451 2400 35-38.
482 2355 679 2415 αὔξησις.
709 2360 988 2407 ταπείνωσις.
1021 2359 1084 2402 Cf.
1117 2361 1313 2404 Anaxim.
1345 2361 1442 2411 228,
1479 2362 1543 2404 19.

235 2426 269 2480 ²)
302 2425 503 2478 Quorum
548 2425 679 2468 fidem
724 2427 810 2469 iste
855 2427 1142 2483 imploret?⁸⁶
1172 2427 1198 2484 §
1230 2429 1412 2472 39-40.
1446 2428 1661 2486 εἰρωνεία.

278 2537 324 2573 86
374 2537 393 2584 §
421 2538 467 2573 40
490 2536 624 2573 τοῦτον
647 2535 689 2573 δὲ
714 2537 936 2576 κολάσαντες
962 2543 1048 2577 τοὺς
1073 2539 1231 2589 ἀσελγε
1242 2542 1316 2589 στζὲ
1325 2555 1347 2589 ρ
1359 2555 1435 2579 ους
1459 2545 1665 2588 νομιμωτέ-

187 2604 277 2640 ρους
299 2592 491 2638 ποιήσετε.
541 2594 742 2643 Sauppius:
773 2596 912 2631 ”malim
945 2618 985 2624 —
1013 2598 1127 2645 inquit
1150 2617 1194 2625 -
1220 2597 1541 2647 dosayeavdrovcss’
1590 2599 1664 2634 Po-

180 2649 254 2684 tius
282 2650 547 2688 emendandum
572 2658 647 2689 est:
672 2650 885 2701 ἀσελγεῖς
910 2654 1110 2703 ἑτέρους.

1432 2711 1453 2746 8
