1938 3153
329 199 385 242 64

296 318 338 365 y)
369 312 415 370 a)
447 311 620 355 Mecum
653 320 777 356 erant
808 320 1063 371 propterea,
1096 314 1216 370 quod
1250 329 1275 357 a
1304 330 1373 358 me
1405 329 1587 372 puerum
1610 314 1741 357 inter·

352 380 517 423 fectum
534 394 635 423 esse
653 395 739 423 non
757 390 964 438 putarent
977 407 1025 414 -
1039 380 1120 424 sed
1139 383 1304 438 perjuri
1321 383 1502 426 erant⁵².
1519 383 1543 438 ξ
1558 382 1741 427 46-48,

324 449 408 507 ὀ)Α
425 449 620 506 porisne,
634 449 808 506 poletis‚
825 450 1104 506 praetoribus
1128 464 1368 506 eorumque
1387 451 1631 493 subscribis
1643 465 1741 507 per-

354 519 463 560 moti
509 533 576 560 me
623 533 738 560 nunc
785 518 930 560 denuo
970 526 1244 561 accusarunt.
1307 518 1392 572 Qui
1423 518 1635 575 impedire
1667 534 1735 561 me

355 588 609 642 cupiebant,
652 587 888 642 quominus
930 586 985 628 de
1025 587 1282 642 repetundis
1315 587 1441 643 ipsos
1473 601 1738 629 accusarem.

357 658 379 705 ς
410 653 596 695 49—50.

325 721 357 773 ³)
391 720 520 763 Unde
566 719 768 762 effectum
800 728 886 768 est,
920 734 998 762 eos
1034 727 1078 762 et
1108 719 1287 762 fallaces
1321 728 1365 764 et
1397 736 1535 764 vanos
1568 728 1612 765 et
1642 736 1741 779 per-

345 789 476 845 juros
509 802 609 831 esse
633 812 687 819 —
708 787 915 841 ἐπίλογος
936 814 989 821 ——
1020 789 1043 844 ξ
1075 789 1141 830 51.

383 856 454 899 Ex
487 856 570 898 hac
601 855 735 912 hujus
768 857 979 898 orationis
1012 855 1310 913 descriptione
1341 864 1539 913 apparet,
1570 858 1744 900 univer-

268 941 332 970 sae
379 925 566 969 orationi
613 925 834 982 epilogum
867 925 1036 968 deesse.
1098 924 1245 978 Quare
1277 926 1488 968 Maetzner
1519 933 1640 970 recte
1671 941 1746 969 ne-

266 1009 400 1051 gasse
459 993 685 1050 putandus
739 1000 808 1034 est
854 993 1108 1045 (Comment.
1157 1008 1198 1049 p.
1245 994 1357 1048 247),
1388 995 1599 1051 integram
1630 995 1745 1038 hanc

265 1062 612 1118 Antiphonteam
653 1060 708 1103 de
740 1061 935 1117 chorago
968 1061 1210 1103 orationem
1241 1061 1297 1103 ad
1332 1071 1526 1104 nostram
1570 1070 1744 1105 aetatem

268 1130 538 1186 pervenisse.
603 1129 691 1170 Vix
736 1135 879 1170 autem
913 1130 1143 1183 probabile
1187 1136 1275 1176 est,
1307 1130 1408 1184 plus
1441 1144 1571 1185 quam
1602 1130 1742 1186 ipsam

265 1197 591 1254 perorationem
638 1196 818 1244 deesse,
865 1196 1084 1252 siquidem
1125 1197 1343 1247 omnibus,
1375 1211 1650 1254 quaecunque
1681 1195 1744 1239 af-

265 1264 381 1307 ferre
428 1279 543 1321 opus
591 1270 733 1312 esset,
773 1265 1040 1320 argumentis
1074 1279 1099 1306 a
1131 1279 1180 1306 se
1214 1264 1496 1307 adversarios
1527 1265 1744 1308 refutatos

266 1349 380 1383 esse,
412 1349 515 1375 reus
547 1333 644 1389 ipse
677 1332 793 1374 dicit.
856 1331 918 1374 Cf.
951 1331 974 1387 ξ
1006 1331 1073 1375 20.
1106 1332 1172 1375 33.

383 1400 479 1445 Jam
511 1401 555 1443 in
586 1401 709 1443 brevi
743 1407 987 1456 conspectu
1020 1400 1178 1455 positis
1202 1401 1475 1444 orationibus
1496 1401 1745 1458 Antiphon-

267 1471 371 1519 teis,
404 1476 472 1518 ut,
504 1483 604 1524 quae
636 1482 779 1510 rerum
811 1469 854 1509 in
886 1468 938 1509 iis
972 1467 1209 1523 dispositio
1241 1478 1382 1519 esset,
1408 1470 1745 1525 perspiceretur,

267 1537 325 1580 ad
356 1536 603 1579 Andocidis
636 1543 910 1577 transeamus

311 1605 628 1648 Orationem
662 1604 714 1658 (1)
748 1617 879 1651 eam,
911 1616 1028 1658 quae
1061 1602 1125 1644 de
1157 1603 1444 1662 mysteriis
1477 1603 1695 1646 dicitur.

382 1674 422 1715 A
454 1672 589 1714 Critia
618 1672 796 1727 pellecti
828 1679 872 1713 et
901 1671 1097 1727 instigati
1128 1680 1231 1714 sunt
1263 1673 1510 1728 Cephisius
1541 1672 1745 1726 Meletus‚

268 1740 533 1796 Epichares,
580 1738 851 1795 Agyrrhius,
891 1745 939 1779 ut
979 1753 1059 1793 per
1096 1738 1280 1789 ἔνδειξιν
1310 1739 1586 1781 Andocidem
1618 1754 1745 1781 accu-

269 1815 437 1856 sarent,
486 1806 607 1862 quod
655 1806 856 1861 quamvis
895 1805 1073 1847 infamia
1103 1814 1282 1847 notatus
1315 1806 1371 1848 ad
1403 1808 1611 1863 mysteria
1642 1821 1746 1849 con·

268 1874 535 1919 celebranda
574 1873 816 1916 accederet.
879 1873 1035 1916 Critias
1068 1873 1314 1916 Andocidis
1345 1874 1622 1931 propinquus
1641 1881 1749 1925 erat,

267 1946 421 2000 iraque
453 1950 496 1986 et
525 1942 690 1984 invidia
720 1942 763 1984 in
796 1957 893 1984 eum
926 1941 1115 1999 flagrans
1149 1942 1217 1984 his
1235 1943 1461 1985 calumniis
1480 1958 1577 1985 eum
1596 1944 1744 2000 oppri-

266 2040 343 2071 Καὶ
369 2032 495 2071 εἰσιών
512 2037 573 2068 καὶ
593 2033 697 2069 θύων
719 2036 934 2082 epexegesis
955 2046 1064 2069 causa
1090 2034 1135 2069 ad
1160 2032 1336 2081 πράττων
1359 2036 1523 2081 pertinet,
1548 2032 1748 2082 πρυτανεύ-

268 2106 335 2130 σας
358 2093 472 2140 (quod
511 2104 583 2127 non
622 2093 747 2126 mutari
788 2092 910 2135 debet)
949 2093 1156 2139 appositum
1193 2099 1251 2126 est
1288 2092 1333 2126 ad
1369 2095 1431 2125 καὶ
1457 2088 1661 2137 ἱεροποιῶν
1683 2094 1747 2126 καὶ

266 2149 370 2185 θύων
394 2148 631 2185 referendum.
682 2150 734 2184 Cf.
761 2149 893 2197 Krneg.
921 2149 981 2184 Gr.
1008 2149 1069 2185 Gr.
1095 2148 1121 2189 1,
1147 2147 1202 2188 56,
1233 2148 1284 2189 15,
1310 2147 1343 2181 2.

364 2208 409 2241 52
459 2207 477 2252 ξ
503 2206 549 2240 46
575 2228 590 2235 -
616 2227 632 2233 -
657 2210 719 2240 καὶ
746 2203 853 2241 ἱκανά
883 2204 911 2252 γ’
946 2200 993 2250 ἦν
1027 2202 1252 2249 ὑπομνῆσαι.
1317 2205 1456 2239 Καίτοι
1478 2216 1545 2252 pro
1569 2206 1635 2239 καί
1661 2213 1748 2252 post

268 2265 389 2299 Reisk.
416 2263 593 2298 dederunt
631 2263 782 2304 Bekker,
819 2264 981 2304 Tur-icc„
1019 2262 1097 2296 Car.
1124 2262 1287 2296 Mueller.
1349 2260 1482 2296 Contra
1509 2274 1552 2297 ea
1577 2262 1750 2297 Maetzner

267 2323 362 2357 ”non
389 2332 483 2368 opus
509 2327 567 2354 est
587 2338 625 2344 -
646 2319 759 2365 inquit
785 2338 824 2344 --
852 2320 916 2353 καί
942 2330 1086 2365 quoque
1112 2319 1327 2354 adversandi
1353 2319 1511 2355 adsumit
1535 2319 1634 2354 vim.”
1672 2320 1748 2355 Sed

269 2380 423 2415 dubitari
451 2382 593 2424 potest,
619 2388 701 2410 num
727 2377 761 2411 in
787 2378 868 2423 ipsa
893 2377 1066 2422 particula
1090 2378 1155 2410 καί
1185 2376 1398 2411 adversativi
1430 2378 1624 2425 quidquam
1656 2378 1749 2412 insit.

270 2437 325 2472 Cf.
351 2436 461 2471 Klotz
487 2435 534 2469 ad
561 2433 647 2469 Dev.
673 2434 718 2476 11,
744 2433 821 2468 633.
880 2433 958 2468 Sed
992 2433 1344 2468 animadvertendum
1370 2444 1444 2476 est,
1478 2435 1509 2469 h.
1536 2436 1557 2469 l.
1583 2434 1650 2469 diei
1675 2436 1751 2467 καὶ

269 2514 285 2522 -
308 2513 324 2522 -
347 2506 405 2542 γε.
454 2494 553 2527 ”Καὶ
579 2492 789 2539 simpliciter
814 2503 888 2527 rem
916 2492 1017 2526 aliam
1046 2492 1101 2526 alii
1126 2492 1177 2526 rei
1204 2491 1378 2534 adnectit,
1401 2494 1442 2539 γε’
1468 2499 1585 2527 autem
1613 2492 1660 2525 ita
1686 2490 1752 2525 ad-

270 2556 413 2586 severat
439 2549 484 2584 de
510 2561 551 2584 ea
578 2561 634 2590 re,
670 2561 749 2595 quae
788 2549 962 2595 adjicitur,
999 2555 1038 2582 ut
1075 2551 1180 2583 etiam
1221 2550 1251 2584 si
1290 2551 1377 2584 alias
1404 2560 1462 2583 res
1488 2550 1622 2589 minus,
1661 2549 1752 2583 hanc

269 2608 415 2657 quidem
441 2618 564 2642 revera
589 2618 673 2641 esse
700 2606 909 2654 significet.”
958 2605 1078 2640 Klotz.
1095 2606 1116 2641 l.
1135 2607 1153 2640 l.
1172 2620 1205 2654 p.
1231 2607 1310 2641 315.
1358 2606 1455 2641 Καί
1475 2617 1521 2651 γε
1548 2604 1752 2652 Hesychius

269 2668 527 2712 interpretatus
565 2673 623 2699 est
658 2666 829 2703 καίτοι.
888 2663 1101 2699 Emendatio
1139 2665 1333 2700 Reiskiana
1368 2674 1635 2710 supervacanea
1666 2664 1699 2699 h.
1730 2664 1752 2699 l.

272 2723 423 2758 videtur.
