1938 3153
1531 222 1582 266 61

228 340 261 394 ³)
295 339 340 397 a)
373 339 461 382 Res
494 345 647 397 aperta
690 345 780 390 est3
812 353 950 397 quare
980 352 1069 381 non
1101 339 1230 381 anxie
1261 339 1494 396 exquovis
1514 339 1643 396 signo

258 408 555 465 conjecturam
585 407 730 450 facere
761 421 876 464 opus
908 412 979 448 est
992 406 1041 447 ⁴⁴.
1074 406 1097 461 ἓ
1133 407 1195 449 18.

232 476 274 534 b)
306 476 394 518 Sed
428 484 711 518 accusatores
745 475 951 517 dixerunt
982 487 1161 529 quoque
1193 472 1264 526 (cf.
1296 473 1538 531 §38-39),
1576 490 1645 517 me

259 559 345 586 non
393 545 448 587 de
491 544 704 587 industria
753 557 936 599 puerum
985 541 1279 592 interfecisse3
1312 556 1448 597 quare
1479 543 1644 600 seipsi

256 612 511 655 refellerunt
526 613 574 654 ⁴⁵.
607 612 629 668 ξ
667 613 726 655 19.
759 609 1010 668 ἐνθύμημα.

171 681 221 723 11.
255 680 492 734 Quomodo
524 696 572 723 se
602 681 645 722 in
664 695 730 722 me
746 680 968 737 gesserint
983 678 1401 734 accusatores.§20.
1425 678 1644 734 (20--32)‚

228 749 263 801 1)
295 749 339 805 α)
370 749 645 792 Philocrates
685 749 840 791 eodem
874 747 964 797 dic,
996 761 1084 803 quo
1116 761 1227 803 puer
1258 747 1567 803 sepeliebatur,
1599 747 1643 789 in

257 816 675 858 Thesmothetarum
735 816 924 871 collegio
978 829 1047 856 me
1103 815 1331 865 indicavit3
1388 829 1471 871 ego
1533 829 1641 857 vero

257 899 353 927 eum
386 883 526 927 refelli
542 883 691 939 ⁴⁸—§
722 882 892 927 20-22
919 898 990 932 -ς

228 953 270 1010 b)
302 967 416 1008 quos
447 953 544 1008 ipse
589 952 742 1001 vellet,
792 958 929 994 testes
979 949 1143 992 citandi
1193 950 1363 1006 copiam
1395 950 1643 992 accusatori

257 1020 340 1063 feci
356 1020 392 1046 4⁷
419 1020 514 1076 -ξ
546 1019 600 1063 23
626 1046 673 1052 -

167 1146 244 1170 νος
265 1132 360 1178 μήτε
383 1131 595 1180 βουλεύσας.
645 1132 676 1166 J.
703 1132 932 1166 Scholefield.
965 1133 999 1167 in
1031 1138 1150 1166 annot.
1177 1132 1223 1166 ad
1253 1131 1364 1165 Dobr.
1389 1131 1529 1166 advers.
1555 1132 1580 1167 1.
1605 1145 1641 1179 p.

168 1191 236 1226 173
262 1191 366 1227 ”esse
392 1190 512 1237 possit
528 1188 624 1235 μήτε
646 1193 742 1238 χειρὶ
767 1187 1012 1232 (ἀποκτεῖναι)
1036 1186 1222 1236 ἀράμενος
1245 1186 1423 1233 (αὖτήν).”
1450 1188 1642 1225 Dobreeus

167 1250 188 1283 1.
212 1249 233 1283 l.
257 1249 406 1295 primum
430 1249 538 1293 χεῖρα
560 1245 758 1292 ἀράμενος,
788 1247 884 1293 quod
913 1254 1031 1281 tamen
1056 1259 1164 1293 quum
1189 1247 1268 1292 ipse
1294 1247 1534 1292 repudiasset,
1572 1248 1642 1294 legi

167 1312 297 1353 postea
314 1304 427 1349 jussit
450 1307 546 1350 χειρὶ
573 1302 821 1351 ἐργασάμενος
845 1304 900 1338 cll.
924 1304 1066 1339 Andoc.
1090 1304 1118 1345 1,
1143 1303 1198 1339 95.
1248 1302 1348 1337 ldem
1374 1305 1465 1351 conj.
1484 1304 1641 1340 Valcke-

170 1375 251 1398 naer.
281 1363 325 1397 ad
352 1362 487 1397 Herod.
514 1361 576 1402 VI,
603 1361 657 1394 56.
707 1360 800 1395 Nihil
825 1361 950 1395 horum
978 1373 1071 1408 opus
1098 1373 1182 1397 esse
1206 1360 1363 1395 videtur:
1387 1366 1513 1409 χειρὶ
1537 1360 1645 1409 ἀρά-

165 1430 306 1464 μενος
330 1420 351 1453 i.
376 1430 406 1453 e.
436 1429 543 1452 manu
580 1429 660 1451 mea
694 1418 876 1452 sublatum
908 1429 987 1452 eum
1020 1429 1115 1453 esse.
1164 1418 1219 1453 Cf.
1244 1419 1430 1464 Aristoph.
1457 1419 1546 1453 Aeli.
1573 1420 1642 1452 565

166 1473 341 1524 ἀρθήσει,
368 1475 503 1510 tolleris
529 1477 563 1517 (e
590 1475 730 1518 medio).

260 1535 306 1568 44
354 1534 378 1575 δ
406 1531 449 1567 18
473 1553 488 1559 -
515 1553 530 1559 -
555 1536 619 1566 καὶ
644 1530 822 1578 θηρεύειν
843 1535 905 1566 καὶ
930 1531 991 1567 ἐπὶ
1018 1534 1173 1580 σμικρὸν
1189 1530 1363 1567 ὑπονοεῖν
1384 1534 1430 1567 τὰ
1448 1532 1643 1580 λεγόμενα.

164 1592 241 1623 Καὶ
282 1587 343 1622 ἐπὶ
381 1587 536 1633 σμικρόν
571 1595 628 1623 est
668 1590 735 1623 vel
777 1590 817 1623 in
858 1590 1068 1631 minimis,
1108 1596 1148 1623 ut
1187 1587 1360 1623 ὑπονοεῖν
1383 1600 1428 1623 ex
1464 1588 1648 1637 θηρεύειν

163 1645 329 1693 pendeat.

258 1705 304 1737 45
352 1706 376 1747 ὃ
404 1704 446 1736 19
483 1701 582 1737 ὅπου
613 1701 654 1737 δὲ
690 1702 842 1751 πρῶτον
879 1704 948 1748 μέν
986 1702 1062 1738 κτλ.
1119 1702 1290 1738 Maetzner
1322 1715 1357 1749 p.
1392 1703 1461 1737 260
1486 1703 1532 1737 ad
1558 1704 1591 1737 h.
1618 1703 1641 1737 l.

162 1760 319 1796 ''Cau-ent
343 1761 417 1796 haec
443 1760 617 1808 apodosi,
644 1773 748 1808 qnam
775 1762 854 1809 ipse
880 1768 1004 1797 orator
1028 1762 1195 1797 omisisse
1222 1761 1341 1808 possit
1366 1760 1492 1802 videri,
1529 1772 1647 1796 enun-

165 1819 356 1852 tiationum
395 1819 566 1864 deinceps
604 1820 803 1865 positarum
841 1821 934 1855 serie
967 1826 1220 1866 properantem
1246 1819 1423 1854 fallente.‘'
1473 1818 1581 1861 Quod
1609 1820 1639 1853 si

164 1875 273 1909 verba
310 1873 350 1915 ἐξ
382 1869 506 1923 ὦνπερ
533 1887 578 1910 ex
610 1874 655 1909 ἐκ
679 1874 853 1910 τούτων
877 1875 1075 1921 depravata
1112 1888 1196 1912 esse
1231 1882 1358 1923 putare
1395 1877 1489 1918 licet,
1532 1888 1645 1923 quum

164 1933 233 1966 hoe.
259 1944 324 1978 pro
350 1932 409 1966 ino
437 1932 583 1978 legeris,
622 1933 740 1967 omnia
776 1934 810 1967 in
843 1933 909 1968 hac
939 1935 1189 1969 enunciatione
1215 1936 1307 1970 inter
1331 1946 1372 1969 se
1409 1940 1493 1981 apta
1519 1942 1555 1968 et
1580 1946 1640 1969 ac-

165 1988 394 2023 commodata
420 1995 533 2023 erunt.

257 2047 303 2082 46
351 2046 375 2089 §
401 2046 444 2080 21
471 2043 597 2090 ἐπειδή
636 2043 677 2081 δὲ
707 2041 814 2083 οὗτος
837 2043 940 2081 ταῦθ’
971 2044 1106 2093 ἔλεγεν,
1128 2044 1269 2094 ἀναβὰς
1297 2045 1367 2094 ἐγώ
1392 2043 1445 2084 εἷς
1468 2049 1511 2083 τὸ
1536 2045 1646 2083 δικα-

164 2101 316 2150 στήριον
337 2104 417 2139 τοῖς
448 2101 573 2138 αὗτοῖς
601 2101 792 2140 δικασταῖς
828 2103 932 2145 ἔλεξα
956 2102 1014 2138 ὅτι
1038 2106 1104 2138 τὸν
1123 2105 1193 2149 μὲν
1215 2104 1334 2149 νόμον
1357 2103 1398 2139 οὗ
1424 2102 1570 2140 δίκαιον
1594 2104 1640 2140 οὗ

161 2160 439 2207 προκαθισταιή
471 2157 703 2207 Φιλοκράτης
738 2159 955 2208 κατηγορῶν
985 2163 1047 2194 καὶ
1083 2157 1295 2206 διαβάλλων
1317 2157 1369 2196 εἷς
1395 2163 1438 2195 τὸ
1465 2158 1646 2206 δικαστή-

162 2229 247 2263 ριον
268 2215 343 2251 κτλ.
394 2218 454 2252 Sic
488 2218 659 2253 Maetzner
686 2230 731 2254 ex
763 2218 853 2254 Cod.
884 2217 927 2253 N.
959 2219 1029 2253 Alii
1066 2219 1154 2253 alias
1192 2219 1299 2265 hujus
1335 2220 1407 2254 loci
1445 2219 1638 2255 manifesto

161 2272 292 2306 mendo
320 2273 501 2318 depravati
529 2276 799 2310 emendationes
825 2277 1052 2322 protulerunt
1077 2277 1229 2311 necdum
1255 2277 1308 2318 id,
1345 2277 1443 2324 quod
1483 2278 1526 2312 ab
1553 2279 1637 2324 ipso

163 2328 388 2375 Antiphonte
410 2331 609 2377 profectum
635 2340 709 2375 est,
736 2334 894 2369 assecuti
920 2333 1085 2369 videntur
1110 2345 1203 2370 esse.
1260 2334 1363 2371 Hanc
1389 2335 1463 2371 fere
1490 2342 1636 2371 senten·

162 2387 244 2419 tiam
271 2386 522 2423 desiderarim:
546 2409 563 2417 -
589 2411 605 2417 -
632 2388 692 2425 ὅτε
713 2392 780 2425 τὸν
801 2391 870 2435 μέν
888 2390 1006 2436 νόμον
1030 2389 1079 2425 οὗ
1103 2391 1182 2426 τοῦ
1206 2390 1394 2427 δικαίου
1425 2391 1530 2427 οὐδὲ
1556 2393 1641 2427 ‘toi'

162 2440 367 2486 ἀληθοῦς
390 2442 523 2478 ἕνεκα
546 2448 826 2493 προκαθισταίη
852 2446 927 2482 κτλ.
978 2448 1059 2483 Hoc
1083 2450 1211 2495 requiri
1244 2451 1325 2484 mihi
1357 2450 1498 2484 videtur
1527 2461 1638 2496 quum

161 2507 311 2546 propte!-
340 2500 556 2547 κατηγορῶν
579 2506 637 2545 (=
662 2500 822 2547 δικαίου)
846 2508 908 2539 καὶ
933 2502 1141 2551 διαβάλλων
1164 2509 1222 2548 (--
1246 2504 1424 2550 ἀληθοῦς)
1449 2513 1524 2541 tum
1549 2519 1641 2554 pro-

162 2566 242 2602 pter
268 2568 327 2597 ea,
354 2568 431 2603 qum
457 2557 547 2591 infra
571 2566 656 2593 sunt
689 2556 841 2604 αἰτιῷτο
881 2559 1054 2605 (δικαίου)
1095 2565 1157 2595 καὶ
1195 2560 1391 2609 διαβάλλοι
1427 2563 1640 2609 (ἀληθοῦς).

162 2613 214 2646 Cf.
241 2613 260 2659 §
285 2613 342 2648 32.

253 2672 300 2705 47
348 2674 372 2716 5
398 2670 483 2706 23-
511 2692 526 2698 -
550 2671 837 2721 προῦκαλούμην
859 2674 970 2711 αὐτὸν
994 2674 1102 2712 εὐθὺς
1136 2674 1222 2711 ’τότε
1247 2680 1309 2712 καὶ
1332 2672 1442 2714 avone
1464 2678 1510 2726 τῇ
1534 2675 1643 2712 ὕστε-

160 2726 249 2771 ραίᾳ
276 2725 315 2761 ἐν
334 2729 415 2765 τοῖς
438 2727 563 2766 αὐτοῖς
594 2727 804 2774 δικασταῖς,
844 2738 905 2768 καὶ
938 2729 1033 2769 ι’έναι
1056 2731 1223 2769 ixii-svor
1253 2733 1414 2783 λαβόντα
1443 2734 1640 2784 μάρτυρας

158 2777 317 2819 ὁπόσους
340 2783 513 2829 βούλοιτο
540 2786 601 2823 ἐπὶ
627 2790 712 2824 τοὺς
735 2793 1076 2837 παραγενομένους
1095 2789 1210 2838 λέγων
1233 2790 1331 2836 αὐτῷ
1355 2792 1477 2838 (dativ.
1496 2805 1623 2829 comm.
1625 2796 1644 2835 )1
