1938 3153
310 183 361 225 14

247 299 470 354 Dionys.
515 296 611 338 Hal.
645 297 831 353 pluries,
862 297 1200 340 cf.1nd.Reisk.
1223 312 1256 340 s.
1281 314 1338 347 w,
1371 299 1414 340 in
1445 298 1717 342 Aristidis

246 380 346 422 quae
376 364 535 415 fertur,
579 367 693 418 τέχν.
734 364 809 415 ΙΧ,
838 366 922 408 443
946 365 1088 408 Walz.
1120 364 1403 420 οἰκονομία
1432 367 1480 410 δὲ
1509 367 1644 421 λόγου
1674 365 1715 409 ἐ-

245 428 467 487 φ’ἅπαντι
498 432 525 489 ἡ
558 432 807 489 ἁρμόζουσα
836 433 981 483 τάξις
1010 433 1119 480 κτλ.;
1152 433 1374 489 Longin.
1405 438 1518 487 τέχν.
1550 434 1644 492 ῥητ.
1678 450 1718 490 p.

244 501 329 544 302
363 517 429 558 sq.
462 500 653 550 Teubn.;
684 500 932 557 Προλεγόμ.
963 501 1047 543 τῶν
1077 499 1201 542 στάσ.
1234 501 1337 550 VH,
1370 502 1447 551 26,
1483 502 1530 545 12
1553 503 1717 553 Walz.;

243 572 429 624 Sopat.
462 571 656 624 Διαιρὲσ.
681 568 884 624 ζητημάτ.
918 570 1041 613 VIII.
1063 569 1100 615 3,
1129 569 1178 609 18
1200 568 1293 617 W.,
1317 569 1369 610 al.
1393 569 1586 611 Fuerunt
1608 585 1717 624 quo-

243 652 349 693 que,
397 637 468 692 qui
516 636 644 678 simul
677 643 721 678 et
751 635 1006 691 οἰκονομίαν
1038 643 1081 679 et
1110 633 1231 686 τάξιν
1263 651 1363 678 esse
1395 643 1636 686 sumerent,
1667 644 1718 679 ut

242 705 437 759 Georg.
483 704 683 746 Pletho
730 705 813 753 VI,
846 706 941 754 585,
972 706 998 746 6
1030 705 1193 752 Walz.,
1240 705 1314 746 ubi
1346 705 1398 746 of.
1432 720 1531 760 quae
1561 705 1715 754 Joann,

239 771 493 814 Sohefferus
540 772 778 813 annotavit.
841 772 926 814 Alii
957 787 1045 814 uno
1079 772 1252 814 nomine
1296 772 1550 814 διαθέσει
1593 771 1715 821 τάξιν

241 849 284 881 et
315 839 570 893 οἰκονομίαν
603 840 995 895 comprenderunt,
1026 849 1075 881 ut
1105 843 1315 882 Auctor
1361 839 1606 896 Προλεγομ.
1637 840 1715 896 τῆς

241 907 388 966 ῥητορ.
420 908 504 954 VI,
536 908 590 949 35
625 908 786 950 Walz.:
833 909 1128 955 διαθέσεως
1172 906 1219 950 δὲ
1262 906 1312 949 τὸ
1360 908 1606 949 διαθέσθαι
1635 905 1715 964 τὴν

237 977 388 1027 τάξιν
420 975 493 1018 καὶ
523 975 603 1033 τὴν
634 975 970 1030 οἰκονομίαν·
1003 977 1205 1032 διαφέρει
1235 976 1282 1018 δὲ
1311 976 1430 1027 τάξις
1465 976 1716 1029 οἰκονομίας

237 1045 349 1097 κτλ.,
395 1044 642 1101 Προλεγομ.
678 1042 774 1087 ’τῶν
819 1043 942 1086 στάσ.
975 1044 1079 1090 VII,
1116 1045 1165 1086 16
1197 1044 1291 1086 W.:
1323 1043 1350 1102 ἡ
1382 1043 1429 1087 δὲ
1465 1043 1716 1092 διάθεσις

234 1113 297 1161 εἰς
326 1112 406 1155 δύο
437 1114 691 1167 διαιρεῖται,
722 1111 785 1159 εἰς
821 1111 975 1162 τάξιν
1007 1110 1081 1153 καὶ
1112 1110 1428 1165 οἰκονομίαν
1466 1112 1576 1164 κτλ.,
1610 1112 1712 1154 Ma-

235 1181 352 1221 xim.
385 1179 611 1221 Planud.
647 1179 699 1227 V,
731 1179 815 1221 217
849 1178 939 1221 W.:
971 1178 1225 1226 διάθεσις
1271 1179 1318 1221 δὲ
1354 1179 1508 1229 τάξαι
1539 1178 1612 1220 καί
1643 1177 1713 1221 οἰ-

234 1249 545 1305 κονομῆσαι.
608 1247 812 1303 Sulpio.
846 1247 982 1289 Vict.
1016 1262 1055 1302 p.
1090 1245 1185 1288 262.
1219 1246 1285 1288 ed.
1319 1246 1567 1303 Capperon.
1627 1246 1713 1289 Alii

233 1316 510 1373 διοίκησιν
557 1315 821 1357 dixerunt42.
886 1315 966 1356 Hae
1012 1323 1157 1355 autem
1202 1315 1525 1370 appellationes
1558 1329 1709 1356 omnes

235 1390 399 1439 praeter
443 1383 560 1424 illam
605 1383 765 1433 τάξεως
810 1382 929 1439 apud
977 1397 1054 1424 eos
1088 1382 1261 1423 demum
1291 1383 1335 1424 in
1365 1399 1448 1424 usu
1479 1381 1619 1424 fuisse
1651 1382 1712 1423 vi-

235 1451 396 1491 dentur
442 1450 687 1505 disciplinae
733 1451 967 1492 rhetoricae
1014 1450 1276 1505 scriptores,
1308 1451 1382 1504 qui
1414 1456 1518 1505 post
1551 1450 1710 1491 Anaxi-

233 1533 399 1560 menem
432 1518 708 1560 exstiterunt.

350 1586 483 1639 Quod
518 1586 554 1626 si
587 1584 816 1639 quaeritur,
850 1599 959 1639 quas
993 1590 1142 1640 partes
1175 1585 1386 1626 orationis
1418 1585 1486 1638 (τὰ
1516 1585 1563 1626 ἐν
1592 1585 1707 1640 λόγῳ

229 1658 356 1712 μέρη.
389 1671 429 1711 p.
463 1653 559 1704 236,
591 1654 675 1708 21.)
707 1653 1000 1696 Anaximenes
1033 1667 1133 1694 esse
1157 1653 1363 1701 voluerit,
1386 1652 1493 1695 alias
1517 1653 1585 1695 alii
1610 1667 1719 1710 spe-⁴

231 1724 311 1764 ciei
358 1724 522 1764 tribuit.
583 1723 649 1763 Ao
681 1722 902 1762 suasionis
935 1729 979 1762 et
1010 1721 1304 1762 dissuasionis
1336 1722 1417 1762 has
1450 1730 1599 1776 partes
1631 1737 1709 1777 po-

232 1790 322 1832 suit

257 1858 556 1914 προοίμιον43,
587 1855 914 1909 ἅπαγγελίανΗ,
946 1856 1240 1909 βεβαίωσινϋ,
1271 1856 1674 1914 προκατάληψινω,

832 1922 1107 1976 ἐπίλογονῃς

324 2005 369 2039 42
419 2005 585 2039 Ceterum
612 2004 656 2037 cf.
683 2003 755 2037 Cic.
781 2003 827 2037 de
853 2003 914 2036 Or.
939 2002 965 2043 I,
993 2002 1050 2043 31,
1076 2002 1151 2036 142.
1179 2001 1322 2043 Quintil.
1348 2003 1374 2037 1.
1402 2003 1444 2038 Ο.
1470 2003 1530 2044 111,
1556 2002 1588 2044 3,
1607 2005 1645 2044 2;
1670 2004 1702 2039 8.

229 2061 309 2104 Vll,
333 2061 431 2109 praef.
459 2061 477 2108 ξ
506 2062 543 2103 1;
570 2061 601 2102 ],
629 2060 667 2102 1;
698 2061 749 2102 10,
780 2059 925 2094 11—13.

322 2120 367 2153 43
416 2119 660 2153 Exordium
698 2131 726 2153 s.
764 2118 1028 2164 principium
1068 2128 1096 2150 s.
1134 2118 1367 2162 prooemium.
1405 2118 1568 2151 Anaxim.
1595 2130 1622 2152 c.
1648 2118 1703 2155 29.

228 2175 272 2209 cf.
298 2187 326 2209 c.
352 2175 407 2210 28.
433 2188 468 2222 p.
494 2177 573 2216 214,
601 2177 630 2209 7.
680 2175 719 2209 In
757 2174 908 2209 exordio
945 2174 1019 2208 haec
1058 2174 1124 2207 tria
1159 2179 1257 2207 sunt:
1294 2174 1336 2207 τὸ
1361 2175 1628 2219 προεκτιθέναι
1657 2176 1700 2209 τὸ

225 2231 381 2277 πρᾶγμα
405 2232 485 2266 τοῖς
510 2230 683 2265 ἀκούουσι
706 2229 931 2277 (πρόθεσις),
972 2229 1033 2264 ἐπὶ
1069 2231 1111 2264 τὸ
1146 2231 1343 2275 προσέχειν
1365 2229 1633 2278 παρακαλέσαι,
1657 2233 1700 2267 τὸ

222 2288 291 2332 τὴν
314 2283 460 2321 εὔνοιαν
477 2286 843 2335 παρασκευάζεσθαι.
894 2286 947 2320 Cf.
972 2286 1143 2333 Spengel.
1170 2285 1408 2322 Commentar.
1434 2300 1467 2334 p.
1498 2289 1573 2323 195.

323 2347 369 2380 44
416 2344 742 2380 Narrationem.
779 2345 897 2380 Anax.
929 2355 957 2379 c.
990 2344 1140 2378 30-31.
1175 2341 1405 2390 Διήγησιν
1429 2353 1533 2381 vocat
1558 2360 1594 2394 p.
1622 2347 1700 2390 239,

228 2403 282 2436 32.
308 2402 388 2444 220,
415 2403 470 2437 21.
504 2404 571 2438 τὰς
598 2400 849 2448 ἐξηγήσεις
875 2401 954 2441 219,
979 2401 1011 2434 9.
1070 2401 1301 2436 Posteriores
1344 2400 1562 2449 διήγησιν
1584 2406 1699 2439 nomi-

225 2466 323 2495 nant.
372 2459 427 2495 De
453 2460 579 2507 triplici
605 2459 819 2495 narrationis
845 2469 978 2506 genere
1004 2458 1094 2493 infra
1120 2458 1291 2494 dicemus.

320 2517 366 2550 45
416 2517 829 2552 Confirmationem.
871 2521 986 2550 Anax.
1012 2529 1041 2551 c.
1067 2516 1121 2550 32.

322 2574 368 2609 46
417 2574 897 2621 Anteoccupationem.
922 2575 1037 2608 Anax.
1063 2585 1093 2608 c.
1120 2574 1175 2608 33.
1211 2572 1504 2622 Προκατάληψις
1532 2574 1566 2609 in
1592 2585 1698 2609 exor-

225 2632 285 2667 dio
312 2633 420 2667 etiam
444 2632 564 2667 locum
589 2632 708 2674 habet,
734 2632 780 2667 de
806 2643 877 2678 qua
901 2642 939 2666 re
965 2631 1056 2666 infra
1081 2631 1250 2668 dicemus.

319 2689 366 2724 47
415 2689 765 2724 conclusionem
797 2701 827 2724 s,
858 2689 1207 2735 perorationem.
1246 2691 1361 2724 Anax.
1386 2699 1415 2722 c.
1441 2688 1494 2722 34.
1521 2688 1565 2722 cf.
1589 2700 1618 2724 c.
1644 2689 1698 2724 36.

224 2760 260 2795 p.
286 2747 365 2790 237,
392 2747 447 2785 29.
472 2760 502 2783 c.
529 2746 583 2782 38.
609 2759 643 2795 p.
668 2746 749 2790 240,
776 2746 831 2781 19.
