1938 3153
1579 177 1636 218 39

253 604 547 660 Ἐπίλογος.
580 607 604 662 ξ
641 604 818 648 11-12.
1005 602 1305 660 Ἐπίλογος.
1337 607 1361 664 §
1392 607 1548 650 9—10.

195 674 225 716 1.
285 674 573 723 Adolescens,
603 680 759 740 utpote
798 671 933 715 oaedis
949 673 978 715 Ι.
1036 673 1250 729 σύντομος
1279 672 1561 733 ἀνάμνησις.8
1585 673 1611 731 §
1633 674 1671 717 9.
1712 692 1776 725 022.

282 733 526 789 particeps,
576 731 783 788 ind1gnus
845 735 933 779 est,
1041 732 1089 774 10
1118 732 1209 774 init.

281 790 357 845 qui
401 789 639 832 liberetur!
685 787 712 844 ᾗ
746 789 809 829 11.
860 801 935 828 κα·
949 788 998 830 11.
1032 787 1179 841 Quare
1210 805 1265 831 ne
1296 789 1688 845 nos‚judioes‚ca-

281 848 364 895 κῶς
392 848 627 890 διαθεῖναι.
1034 845 1299 898 lamitatibus
1316 847 1561 903 implicetis,
1577 860 1689 888 neve

196 902 246 944 ΙΙ.
279 903 531 948 Cavendum
568 903 710 952 vobis,
747 901 933 948 'udices,
1033 903 1208 945 illorum
1240 919 1322 946 vos
1345 904 1605 961 misereat.§
1627 905 1688 946 10.

281 968 361 1009 est,
407 976 472 1007 ne,
518 962 554 1002 si
594 974 695 1001 reos
760 973 933 1001 amnare
1033 961 1302 1017 προαίρεσις.

280 1017 638 1075 praetermittatis,
670 1017 811 1058 omnis
843 1015 933 1057 cul-

280 1075 409 1131 pa‘in
441 1090 523 1116 vos
556 1074 787 1117 relabatur.
819 1071 845 1129 δ
872 1074 934 1115 11.

279 1131 343 1180 εἰς
372 1129 519 1189 ὀργήν.

193 1189 266 1231 111.
285 1188 431 1242 Quare
477 1194 628 1230 sontes
653 1186 932 1229 ulciscamini.

281 1245 307 1302 §
342 1246 404 1288 12.
439 1246 709 1302 προαίρεσις.

196 1368 252 1409 16,
277 1369 309 1404 5.
358 1369 412 1402 Ac
437 1367 602 1415 profecto
627 1366 690 1401 νῦν
713 1363 756 1400 δέ
781 1377 801 1400 a
829 1365 1025 1414 Spengelio
1064 1366 1237 1413 seriptum
1276 1371 1335 1402 est
1365 1367 1398 1402 in
1425 1366 1667 1401 Commentur.

194 1425 240 1460 ad
266 1425 431 1460 Anaxim.
459 1438 492 1473 p.
518 1426 597 1466 210,
623 1424 720 1472 quod
747 1430 864 1459 utrum
891 1436 977 1459 casu
1003 1436 1047 1459 an
1073 1425 1224 1459 consilio
1250 1424 1384 1460 suetum
1410 1426 1467 1466 sit,
1493 1426 1628 1460 nescio.

286 1483 355 1517 100
401 1502 417 1510 -
439 1502 456 1510 -
478 1480 613 1527 δέομαι
636 1480 751 1525 ὑμῶν,
777 1479 841 1514 ἐὰν
864 1480 1128 1527 ἀκριβέστερον
1151 1479 1177 1524 ἢ
1198 1478 1247 1517 ὡς
1276 1479 1431 1525 σύνηθες
1456 1479 1543 1526 ὑμῖν
1566 1478 1666 1522 δόξω

192 1535 323 1580 εἰπεῖν,
347 1540 399 1584 μή
427 1536 490 1573 διὰ
510 1540 578 1574 τὰς
600 1538 876 1584 προειρημένας
896 1536 1011 1581 ’τύχας
1035 1535 1335 1582 ἀποδεξαμένους
1369 1551 1444 1583 μου
1479 1539 1548 1582 τὴν
1571 1536 1666 1572 ἀπο-

190 1594 328 1641 λογίαν,
356 1592 446 1643 δόξῃ
473 1598 534 1628 καὶ
569 1595 620 1638 μή
660 1592 821 1637 ἀληθείᾳ
855 1595 923 1637 τὴν
956 1595 1078 1639 κρίσιν
1114 1592 1364 1637 ποιήσασθαι.
1419 1595 1593 1630 Maetzner
1617 1595 1665 1629 ad

190 1653 223 1688 h.
249 1653 269 1687 1.
296 1659 377 1687 ante
403 1649 702 1695 ἀποδεξαμένους
727 1650 832 1684 scribi
859 1650 933 1684 vult-
955 1648 1015 1695 μή
1042 1652 1269 1697 particulam,
1295 1658 1333 1686 ut
1350 1653 1536 1687 sententiae
1554 1652 1665 1687 satis-

189 1710 260 1743 fiat.
310 1709 476 1743 Reiskius
514 1709 620 1742 inseri
657 1707 820 1753 postulat
856 1713 938 1741 ante
976 1704 1275 1751 ἀποδεξαμένους
1313 1716 1375 1743 aut
1412 1707 1563 1753 ἀπηνῶς
1604 1715 1665 1742 aut

191 1763 355 1813 σκληρῶς
380 1772 440 1800 aut
464 1765 629 1812 τραχέως
657 1770 716 1798 aut
742 1764 856 1799 simile
893 1763 996 1811 quid,
1032 1763 1176 1811 Kayser
1206 1764 1332 1800 Rhein.
1366 1765 1459 1801 Mus.
1485 1765 1568 1807 X11,
1595 1764 1664 1799 *227

190 1821 331 1859 δύσνως
355 1823 409 1857 eil.
434 1836 456 1869 y
481 1823 499 1868 §
526 1823 558 1856 3.
610 1826 658 1856 At
681 1834 755 1856 non
781 1821 1032 1857 emendatione
1070 1823 1137 1858 sed
1168 1824 1407 1870 explicatione
1438 1824 1543 1858 locus
1569 1829 1662 1870 eget.

188 1880 487 1926 Distinguendum
514 1885 599 1926 post
623 1878 675 1924 μή
702 1879 1003 1925 seribendumque
1029 1876 1166 1924 δέομαι
1197 1898 1212 1907 -
1236 1898 1253 1907 -
1274 1898 1291 1907 -
1321 1876 1461 1921 εἰπεῖν,
1490 1882 1558 1925 μὴ,
1598 1877 1663 1914 διὰ

186 1939 253 1973 τὰς
274 1934 371 1978 κτλ.,
397 1949 477 1972 nam
504 1935 556 1981 μή
584 1936 628 1971 ad
657 1934 746 1984 δόξῃ
772 1954 788 1963 -
813 1954 829 1962 -
851 1933 1088 1978 ποιήσασθαι
1113 1936 1275 1981 pertinet.
1338 1937 1434 1972 Vos
1472 1949 1570 1978 oro,
1608 1939 1662 1972 in·

189 1994 264 2040 quit
290 2000 423 2035 orator,
447 2005 514 2035 ne,
540 1994 577 2027 si
603 1999 793 2039 propter
818 2003 912 2033 eas,
938 2003 1044 2037 quas
1077 2004 1216 2038 supra
1248 1993 1360 2034 dixi,
1393 2005 1464 2028 res
1498 1994 1662 2028 adver-

188 2063 263 2086 sas
306 2051 617 2087 defensionem
659 2060 792 2084 meam
832 2048 1027 2095 benigne
1073 2052 1373 2099 exceperitis,
1423 2051 1662 2097 opinione,

187 2121 273 2144 non
311 2111 504 2145 veritate
540 2121 626 2144 rem
653 2107 986 2154 dijudicandam
1025 2109 1268 2143 censeatis.
1318 2108 1420 2143 Hane
1445 2109 1660 2155 interpreta-

187 2167 319 2201 tionem
346 2178 387 2201 ea
413 2167 535 2207 etiam,
561 2178 638 2212 quae
664 2171 871 2212 sequuntur,
898 2164 1118 2198 confirmant.
1175 2165 1344 2200 Similiter
1375 2168 1466 2201 inter
1495 2167 1660 2213 negatio—

186 2235 266 2258 nem
293 2229 328 2258 et
352 2224 497 2258 verbum
524 2224 675 2264 finitum,
702 2230 741 2257 ut
766 2222 883 2268 ajunt,
908 2222 1132 2268 interjectum
1158 2229 1216 2258 est
1242 2225 1465 2271 participium
1495 2224 1554 2265 111,
1578 2237 1611 2270 γ,
1640 2225 1662 2258 2

186 2277 270 2313 οὐδὲ
294 2281 363 2326 γὰρ
390 2278 435 2314 ἂν
458 2300 474 2308 -
497 2300 512 2308 -
536 2300 551 2308 -
575 2282 618 2314 τὸ
642 2277 755 2324 ἥμισυ
787 2277 853 2322 τῆς
887 2279 1112 2325 κατηγορίας
1147 2277 1306 2323 ἐμαυτὸν
1334 2280 1379 2315 ὃν
1409 2280 1659 2328 ἀπεστέρηοα.

184 2336 251 2378 VI,
278 2338 297 2370 7
321 2340 383 2371 καὶ
406 2335 470 2371 οὔκ
492 2357 509 2365 -
530 2357 547 2365 -
571 2334 725 2372 δικαίως
749 2348 796 2381 με
820 2333 1018 2382 βοῦλονται
1041 2336 1309 2384 τιμωρεῖσθαι.

279 2393 298 2427 1
348 2392 417 2440 ἐγώ
442 2407 482 2429 τε
506 2396 576 2441 γὰρ
607 2392 725 2442 πολλῇ
761 2392 872 2437 ἀνοίᾳ
904 2391 1092 2440 χρώμενος
1131 2391 1195 2427 οὐκ
1234 2392 1280 2427 ἂν
1312 2392 1497 2439 ὑπέλαβον
1528 2394 1664 2429 τοῖτον

185 2449 390 2485 ἀντειπεῖν·
424 2448 509 2485 οὐδὲ
533 2453 603 2497 γὰρ
631 2449 676 2484 ἂν
700 2450 764 2485 ἕνα
792 2448 902 2496 λόγον
925 2446 1143 2484 ἀντιδοὺς
1167 2446 1365 2496 ἤλεγξας
1388 2450 1520 2493 (codd.
1545 2451 1590 2485 N.
1616 2453 1660 2486 A.

184 2505 209 2550 ἢ
240 2504 360 2550 λέξας)
392 2509 435 2541 τὸ
473 2504 585 2552 η’μισυ
619 2505 686 2550 τῆς
721 2506 945 2552 κατηγορίας
986 2504 1145 2551 ἐμαυτὸν
1179 2504 1225 2540 ἂν
1250 2504 1508 2554 ἀπεοτέρηοα·
1552 2503 1662 2544 οὗτός

182 2576 222 2598 τε
247 2563 322 2598 κτλ.

277 2621 488 2670 Reisigius
527 2619 571 2654 ad
610 2619 642 2655 h.
672 2620 693 2653 l.
728 2620 818 2655 haec:
856 2620 1086 2669 ”Legendum
1123 2631 1255 2655 censeo
1294 2618 1375 2656 ἀντὶ
1405 2618 1509 2655 δυοῖν
1547 2618 1656 2661 λέξας

184 2676 264 2722 [pi-o
290 2675 460 2715 ἀντιδοὺς
485 2674 670 2723 ἤλεγξας]
698 2676 792 2713 dieta
817 2690 888 2714 una
914 2679 1092 2718 oratione,
1118 2676 1202 2712 loco
1229 2676 1395 2720 duarum,
1421 2678 1456 2713 id
1482 2681 1556 2719 ests,
1580 2688 1655 2713 non
