1938 3153
1557 171 1614 216 53

199 287 319 343 pitur
351 286 558 343 primum:
587 284 668 345 τὴν
700 283 1003 342 ἀπαγγελίαν-
1021 283 1132 330 -ὲπὶ
1162 289 1222 343 τῷ
1253 290 1475 345 φροοιμίῳ
1497 288 1573 331 δεῖ
1590 300 1675 330 σω·

197 355 412 413 ματοειδῆ
455 355 639 408 τάττειν,
680 355 857 400 deinde:
895 353 988 399 άπὸ
1019 356 1097 413 τῆς
1126 352 1263 413 ἀρχῆς
1291 357 1376 398 τῶν
1406 356 1676 414 πραγμάτων

203 422 282 465 ἐπὶ
327 423 377 465 τὸ
414 424 536 473 τέλος
571 424 833 479 διέλθωμεν,
857 424 1001 483 μηδὲν
1031 422 1137 466 ἄλλο
1174 424 1673 481 συμπεριλαμβάνοντες.

201 490 349 544 Quare
390 494 475 536 etsi
520 508 608 535 non
653 499 741 535 tam
772 494 999 537 enucleate
1032 492 1088 535 de
1119 493 1187 535 his
1220 493 1353 535 rebus
1386 492 1586 549 disputat
1617 496 1674 536 A-

206 561 477 612 naximenes,
524 569 572 604 ut
617 562 672 604 de
703 562 756 604 iis
790 562 979 604 dubitari
1010 570 1221 618 nequeat,
1253 569 1397 603 tamen
1423 561 1525 616 jure
1558 561 1676 604 vide-

200 643 297 671 mur
329 630 456 672 nobis
489 631 705 679 arbitrari,
736 630 1076 672 Anaximeneum
1109 629 1371 671 narrationis
1402 643 1542 686 genus
1566 629 1676 670 illud

201 697 386 738 alterum
418 713 504 740 non
535 713 721 754 prorsus
755 697 978 739 diversum
1012 712 1111 740 esse
1143 699 1197 739 ab
1231 713 1304 747 eo,
1336 696 1459 754 quod
1493 696 1677 738 Cornifi-

196 765 293 807 ·cius
326 765 381 807 ad
416 765 601 808 Herenn.
635 766 673 814 Ι,
690 767 729 814 8,
758 766 806 808 12
829 765 934 808 dicit
957 781 1056 808 esse
1077 781 1216 823 genus
1235 766 1509 814 narrationis,
1527 781 1592 822 qu
1607 765 1675 807 od

198 833 542 876 intercurrat
582 849 685 875 non
725 848 1006 890 numquam
1047 834 1182 876 fidei
1214 842 1306 877 aut
1334 834 1677 875 criminatio-

200 901 284 942 nis
336 909 429 943 aut
478 902 837 943 transitionis
877 909 969 944 aut
1009 902 1252 959 alicujus
1292 901 1676 958 adparitionis

196 982 385 1014 causa,
418 970 540 1024 quod
588 969 761 1026 Kayser
792 969 849 1010 ad
881 970 907 1011 1.
940 970 965 1011 1.
997 985 1038 1025 p.
1070 970 1155 1011 223
1188 969 1321 1011 docet
1351 970 1406 1010 ab
1439 971 1674 1026 Anonymo

196 1036 378 1091 Seguer.
411 1051 451 1091 p.
483 1036 579 1080 435.
618 1037 687 1085 19;
717 1036 773 1078 25
804 1034 1131 1094 παραδιήγησιν
1162 1037 1388 1092 appellari.
1450 1036 1514 1078 Cf.
1547 1037 1572 1078 l.
1591 1038 1615 1078 1.
1636 1052 1675 1078 v.

200 1104 251 1145 17
283 1118 349 1159 sq.
380 1102 432 1145 αἴ
464 1103 512 1145 δὲ
541 1103 912 1160 παρεμπίπτουσι
943 1105 1135 1152 πίστεως
1166 1104 1313 1147 ἕνεκεν
1343 1099 1375 1161 ἧ
1401 1104 1612 1162 διαβολῆς
1644 1103 1679 1162 ἤ

194 1167 333 1213 ἄλλον
361 1170 479 1219 τινὸς
508 1171 723 1213 τοιούτου.
758 1171 1023 1229 Hujusmodi
1064 1172 1325 1214 narrationis
1357 1187 1497 1229 genus
1530 1172 1674 1229 quod-

200 1239 300 1282 dam
333 1254 466 1296 quum
498 1241 540 1281 in
573 1240 872 1296 Antiphontea
903 1241 967 1283 VI
996 1240 1068 1294 (cf.
1092 1241 1117 1297 §
1140 1241 1326 1295 34—40)
1347 1241 1566 1283 invenitur
1582 1249 1675 1283 tum

202 1308 244 1349 in
277 1307 522 1349 Andocidis
554 1322 617 1353 ea,
649 1322 748 1363 quae
779 1308 843 1350 de
874 1309 1160 1366 mysteriis
1183 1309 1447 1356 inscribitur,
1464 1309 1675 1351 oratione.

203 1374 294 1417 Sed
318 1374 375 1417 ad
407 1376 668 1425 orationem,
714 1375 770 1418 de
821 1390 908 1432 qua
938 1378 1099 1419 mentio
1133 1385 1220 1427 est,
1251 1385 1532 1419 revertamur.
1565 1376 1677 1419 Post

195 1437 467 1494 ἀπαγγελίαν
499 1443 698 1498 sequitur

253 1512 282 1565 β
301 1512 407 1566 εβα
425 1511 490 1552 ίω
509 1522 605 1558 σις
635 1512 736 1565 (τῶν
767 1525 1055 1570 κατηγορουμ.
1086 1512 1200 1568 Mc.)
1230 1512 1257 1569 5
1289 1512 1471 1555 25-84,

195 1577 227 1619 Ι.
286 1576 335 1619 ἐκ
378 1579 464 1619 τῶν
509 1582 753 1632 γενομένων
796 1579 849 1622 τὰ
891 1579 1042 1622 εἰκότα
1087 1581 1382 1637 (propositio).
1444 1580 1514 1622 Ex
1544 1580 1674 1623 factis

280 1646 386 1702 quid
419 1646 677 1702 collegerint
707 1656 989 1690 accusatores
1017 1674 1060 1680 —-
1098 1648 1124 1705 5
1158 1648 1327 1691 25-29
1358 1674 1402 1683 --

254 1714 288 1766 ¹)
321 1722 459 1763 terra,
492 1729 577 1755 non
612 1716 716 1757 mari
748 1716 933 1771 periisse
966 1717 1106 1758 virum
1137 1715 1211 1771 (ὦς
1247 1714 1294 1758 ἐν
1330 1717 1384 1773 τῇ
1414 1719 1469 1774 γῇ
1501 1712 1676 1760 ἄπέθα·

281 1795 356 1824 νεν
387 1780 410 1823 ὃ
443 1778 624 1840 α’νήρ)24
645 1808 687 1814 -
713 1783 738 1840 5
771 1783 941 1826 26-27
964 1800 1035 1835 -3

254 1849 289 1905 ²)
318 1850 362 1891 in
394 1864 511 1891 mare
544 1850 784 1892 demissum
815 1866 1195 1909 summm-sumque
1227 1867 1324 1896 eum
1355 1867 1472 1909 aqua
1503 1868 1604 1895 esse
1626 1880 1670 1886 -

284 1916 310 1973 5
343 1917 397 1959 28
420 1933 488 1965 -;
516 1917 737 1975 μαρτυρία
762 1941 803 1948 -·

259 1984 293 2037 ²)
324 1984 367 2025 in
399 1984 496 2039 ipsa
531 2000 642 2027 nave
673 1993 873 2028 necatum
906 2002 1025 2036 esse,
1057 1988 1179 2043 quod
1200 2004 1257 2030 ex
1274 1990 1545 2046 sanguinein
1564 2005 1675 2032 nave

282 2060 458 2107 reperto
491 2053 771 2094 concludunt.
804 2053 830 2109 §
862 2056 929 2096 29.
960 2061 1157 2111 σημεῖον.

198 2120 246 2163 ll.
279 2119 350 2162 Ex
379 2119 555 2176 βασάνῳ
589 2121 695 2177 quid
727 2121 960 2165 collectum
993 2123 1061 2165 sit.
1094 2123 1119 2180 5
1151 2123 1333 2167 29-51.

227 2189 278 2230 A.
312 2187 428 2241 Quid
464 2189 657 2231 dixerint
688 2195 847 2233 testes:
878 2206 993 2233 unus
1024 2191 1169 2247 (liber)
1202 2193 1424 2236 obstinate
1439 2197 1628 2251 negavit,
1649 2210 1674 2238 a

282 2271 350 2298 me
397 2257 592 2300 occisum
639 2273 738 2302 esse
784 2258 1024 2310 hominem,
1070 2260 1182 2304 alter
1233 2263 1423 2319 (servus)
1469 2262 1573 2307 olim
1607 2280 1674 2308 me

281 2323 536 2367 testimonio
569 2341 653 2369 suo
684 2328 1005 2371 condemnavit.
1038 2329 1063 2386 5
1096 2330 1279 2373 29-30.
1301 2357 1346 2363 -
1366 2335 1597 2390 μαρτυρία.
1625 2360 1670 2365 -

290 2450 334 2484 24
378 2448 407 2493 S
435 2451 481 2483 27
504 2445 581 2494 κᾷτ’
610 2451 680 2497 ἐγώ
708 2453 894 2501 συγχωρῶ.
914 2453 968 2498 τῷ
1004 2452 1146 2489 τούτων
1167 2453 1275 2502 λόγῳ,
1312 2456 1568 2503 παρεχόμενος
1607 2458 1677 2503 μὲν

192 2507 281 2542 τοὺς
298 2504 489 2554 μάρτυρας
515 2505 564 2543 ὡς
589 2505 653 2542 οὐκ
679 2507 810 2556 ἐξέβην
834 2509 873 2545 ἐκ
899 2511 964 2546 τοῦ
987 2509 1140 2556 niolam
1170 2512 1334 2549 Necesse
1367 2523 1426 2549 est
1450 2516 1593 2563 signum
1621 2517 1673 2550 in·

194 2566 451 2613 terrogationis
490 2567 574 2614 poni
611 2572 696 2613 post
733 2565 883 2603 πλοίουε
910 2569 953 2606 cf.
986 2575 1060 2605 not.
1092 2569 1135 2604 18
1170 2570 1215 2605 ad
1240 2573 1264 2616 g
1291 2572 1348 2607 12.
1372 2572 1560 2620 Συγχωρῶ
1584 2585 1672 2607 con-

190 2621 341 2668 junctivi
367 2624 464 2659 modi
490 2630 558 2659 est·
608 2623 661 2659 Cf.
686 2624 808 2673 Eurip.
835 2625 909 2672 lph.
938 2628 1017 2662 Aul.
1042 2625 1110 2662 384
1142 2623 1207 2661 εἶτ’
1245 2626 1316 2674 ἐγώ
1353 2627 1461 2675 δίκην
1498 2627 1559 2664 δῶ
1599 2630 1673 2664 σῶν

192 2678 327 2722 κακῶν,
356 2678 376 2715 ὁ
401 2683 452 2727 μή
480 2679 652 2728 σφαλείςς
