1938 3153
370 216 424 259 26

368 331 412 387 a)
444 328 564 372 Illam
614 345 702 372 nou
743 329 991 372 miseratam
1024 333 1350 398 patrem-suum
1382 329 1673 374 interfecisse:
1704 327 1783 370 ita-

396 411 484 453 que
516 397 781 453 puniendam
815 413 915 439 esse
938 422 989 429 —
1013 396 1039 452 δ
1071 396 1125 437 26
1144 410 1219 443 -;

368 466 410 523 b)
440 465 559 508 illam
608 480 688 507 sua
719 471 879 521 sponte
913 472 956 507 et
987 464 1171 507 consiiio
1202 461 1498 513 interfecisse,
1529 463 1647 507 hunc
1676 462 1783 506 invi-

397 541 490 575 tum
522 539 565 575 et
595 533 805 574 violat-um
840 534 1025 588 periisse
1047 532 1145 587 -ξ
1176 531 1232 573 26
1253 548 1327 581 -;
1360 559 1363 561 Δ

365 602 406 661 c)
438 601 556 643 illam
601 598 821 656 indignam
869 615 990 650 esse,
1036 601 1163 658 cujus
1203 614 1331 657 quem
1362 598 1586 649 misereat,
1619 600 1783 656 quippe

396 683 526 726 quam
558 668 696 725 patris
731 684 816 710 non
851 669 1160 712 1niseruerit⁸⁶.
1192 669 1215 725 ξ
1245 669 1312 711 25.
1346 667 1411 710 27.

305 741 365 779 ΙΙΙ.
396 736 507 778 Mihi
553 736 778 778 mandavit-
826 745 961 792 pater,
1002 746 1048 779 ut
1081 753 1130 779 se
1162 738 1398 779 ulciscerer
1418 737 1465 778 ⁸⁷.
1498 735 1784 794 [μαρτυρίαῖἸ

394 803 420 861 §
453 803 637 847 28—30.

767 873 1001 914 Postremo
1037 869 1334 925 Ἐπίλογος.

370 943 413 984 ln
429 954 517 997 quo
534 940 648 983 inesb
663 939 925 993 παλιλλογία
940 942 1025 982 τῶν
1045 938 1285 998 εἰρημένων
1296 945 1339 981 et
1347 939 1665 1000 προαίρεσις.88.
1676 935 1702 994 §
1713 939 1780 984 31.

431 1009 492 1052 Ut
536 1009 592 1052 ad
639 1009 1021 1065 Tetralogffls,
1068 1023 1167 1063 quae
1199 1015 1423 1058 vocantur,
1455 1009 1779 1065 Antiphonteas

307 1077 554 1127 veniamus,
587 1076 694 1132 quid
735 1076 836 1119 huic
866 1076 1151 1133 appellationi
1183 1076 1502 1133 subjiciendum
1535 1077 1593 1119 sit
1622 1091 1781 1120 sensus

311 1153 354 1187 et
394 1144 746 1201 significationis,
792 1158 934 1199 neque
981 1158 1095 1184 nunc
1140 1149 1313 1199 tempus
1354 1152 1423 1185 est
1453 1159 1651 1199 quaerere
1682 1151 1726 1187 et
1756 1159 1783 1187 a

307 1213 569 1261 Maetznero,
603 1211 863 1254 doctissimo
912 1211 1025 1259 viro,
1071 1211 1113 1252 in
1156 1210 1487 1253 Commentariis
1522 1211 1779 1269 Antiphont.

306 1297 347 1337 p.
385 1281 465 1321 148
511 1294 577 1334 sq.
617 1280 725 1321 satis
759 1286 827 1320 est
859 1278 1152 1333 explanatum.
1216 1278 1279 1320 De
1313 1294 1454 1320 rerum
1488 1280 1780 1335 dispositione

304 1348 394 1391 hoc
426 1361 655 1389 commune
687 1346 852 1389 habent
884 1346 1127 1402 tetralogiae
1159 1345 1258 1396 illae,
1290 1347 1396 1389 utin
1414 1348 1465 1389 iis
1483 1349 1675 1391 narratio
1692 1364 1782 1392 non

306 1431 434 1457 suum
468 1415 688 1470 quendam
720 1423 795 1456 aut
821 1415 1046 1469 proprium
1067 1415 1209 1455 locum
1228 1421 1374 1456 teneat
1390 1416 1471 1457 sed
1489 1417 1673 1459 exordio
1690 1417 1782 1460 fere

305 1481 652 1524 commisceatur.
722 1481 820 1534 Qua
863 1481 918 1523 de
950 1496 996 1522 re
1019 1481 1311 1523 Anaximenes
1335 1496 1375 1562 p.
1399 1482 1493 1529 220,
1516 1484 1542 1525 7
1561 1498 1657 1541 sqq.
1677 1499 1781 1528 οταν

301 1550 383 1604 μὲν
428 1549 509 1606 γὰρ
557 1542 664 1591 ωσιν
710 1546 836 1601 ὀλίγα
881 1549 933 1591 τὰ
979 1548 1214 1605 πράγματα
1252 1548 1357 1606 περὶ
1389 1540 1447 1592 ὧν
1477 1551 1672 1606 λέγομεν,
1706 1553 1781 1596 καὶ

303 1617 498 1676 γνώριμα
543 1622 635 1665 τοῖς
679 1613 915 1669 ακούουσι,
965 1617 1024 1672 τῷ
1055 1618 1276 1674 προοιμίῳ
1309 1617 1584 1676 συνάψομεν,
1617 1622 1687 1662 ι”να
1715 1620 1777 1679 μὴ

302 1686 442 1743 βραχὺ
488 1686 618 1727 τοῦτο
664 1685 714 1727 τὸ
756 1689 888 1741 μέρος
932 1683 1039 1727 καθ’
1068 1685 1198 1727 ἑαυτὸ
1229 1685 1361 1728 τεθὲν
1393 1690 1578 1744 γένηται.
1640 1687 1703 1731 Cf.
1736 1705 1777 1746 p.

304 1755 402 1804 231,
447 1755 487 1796 9.
549 1753 650 1806 Quo
697 1753 884 1795 celerius
931 1760 1074 1793 autem
1114 1753 1257 1793 auimo
1290 1754 1604 1809 comprehendi
1621 1757 1780 1822 possit

304 1838 374 1872 ea,
422 1837 522 1878 quae
552 1822 596 1862 in
626 1821 713 1862 illis
746 1829 833 1861 est.
868 1835 1009 1861 rerum
1043 1820 1298 1874 dispositio,
1330 1822 1388 1862 ita
1420 1837 1510 1863 rem
1542 1807 1776 1880 descripsi,

303 1898 352 1932 ut
383 1903 472 1932 uno
504 1889 546 1930 in
579 1897 821 1944 conspectu
854 1887 1188 1943 perspiceretur.

401 2024 446 2058 86
497 2023 555 2058 Ad
583 2024 658 2058 hmo
685 2025 790 2059 verba
818 2025 841 2067 ἕ
869 2025 913 2057 ‘27
938 2022 1033 2058 οὕτω
1053 2020 1094 2057 δέ
1109 2037 1169 2058 τοι
1191 2026 1251 2057 καὶ
1279 2022 1394 2058 ἐλεεῖν
1418 2022 1479 2057 ἐπὶ
1506 2023 1581 2059 κτλ.
1606 2026 1788 2073 Μωῒῑηει
1813 2020 1816 2022 ’

302 2095 335 2129 p.
364 2083 448 2117 146:
484 2082 593 2117 '’Haec
633 2095 711 2117 cum
750 2083 960 2129 pra-gressis
1001 2093 1071 2116 non
1111 2090 1193 2126 apte
1226 2081 1403 2117 cohaerere
1430 2081 1586 2128 cujusvis
1613 2091 1669 2119 est
1695 2098 1773 2133 per-

301 2140 451 2185 spicere.
503 2139 681 2186 Suspicor
706 2149 788 2173 ante
815 2138 910 2173 οὕτω
936 2140 1104 2173 nonnulla
1133 2138 1330 2179 excidisse,
1358 2140 1526 2184 opposita
1560 2151 1602 2174 ea
1634 2142 1775 2188 quidem

300 2197 417 2231 verbis
445 2194 540 2230 οὕτω
566 2215 582 2223 -
605 2215 621 2223 -
643 2199 704 2229 καὶ
737 2194 852 2229 ἐλεεῖν
874 2194 972 2236 κτλ.,
1001 2197 1094 2231 sicut
1125 2197 1158 2230 in
1191 2196 1425 2242 sequentibus
1459 2205 1690 2243 opponuntur
1717 2201 1776 2236 illa

298 2256 362 2287 καὶ
388 2250 514 2297 ὥσπερ
550 2271 565 2279 -
589 2271 603 2279 -
642 2250 837 2285 ἀπώλεσαν
861 2253 914 2286 his
948 2251 1042 2286 οὕτω
1077 2255 1137 2287 καὶ
1162 2271 1179 2280 -
1200 2271 1215 2279 -
1244 2251 1310 2295 τῆς
1341 2248 1577 2297 δικαιοτάτης
1609 2252 1654 2287 ἂν
1676 2254 1777 2300 τύχοι

299 2309 523 2356 τιμωρίας.”
573 2309 799 2343 Rectissime.
849 2308 931 2343 Ila-c
965 2310 1037 2343 fon-o
1078 2310 1254 2343 sententia
1292 2308 1420 2354 requiri
1459 2309 1611 2345 videtur:
1651 2310 1773 2361 ὥσπερ

300 2363 345 2410 δή
372 2378 445 2400 που
471 2362 532 2400 δεῖ
557 2364 619 2401 ἐπὶ
650 2365 702 2409 τῷ
728 2365 903 2401 ἑκουσίως
936 2369 997 2399 καὶ
1037 2364 1077 2407 ἐξ
1112 2363 1309 2412 ἐπιβουλῆς
1346 2363 1560 2399 ἀποκτεῖναι
1593 2370 1776 2414 τιμωρίαν

296 2421 501 2469 λαμβάνειν
532 2421 673 2467 μᾶλλον
696 2421 722 2466 ἢ
749 2422 809 2456 ἐπὶ
835 2422 888 2466 τῷ
915 2421 1096 2458 ἀκουσίως
1132 2426 1194 2456 καὶ
1233 2420 1274 2463 ἐξ
1306 2419 1490 2468 ἁμαρτίας
1525 2419 1709 2470 βλαβερόν
1737 2439 1774 2460 τι

297 2477 453 2527 πρᾶξαι,
482 2477 577 2514 οὕτω
604 2478 648 2525 δή
674 2493 735 2514 τοι
757 2483 818 2514 καὶ
845 2478 960 2514 ἐλεεῖν
982 2478 1056 2514 κτλ.
1108 2480 1160 2514 Cf.
1186 2480 1350 2513 Anaxim.
1376 2491 1409 2525 p.
1436 2478 1513 2519 190,
1540 2478 1642 2513 5—8.

395 2537 442 2569 87
490 2536 543 2570 De
570 2537 631 2577 iis,
657 2550 732 2583 quae
752 2539 784 2571 in
802 2539 826 2580 §
844 2537 889 2570 28
909 2544 1012 2577 sunt,
1039 2537 1082 2572 cf.
1107 2539 1131 2580 ἕ
1157 2537 1177 2570 5
1204 2549 1285 2582 sqq.
1334 2535 1389 2570 De
1412 2536 1436 2577 §
1464 2536 1612 2577 29-30,
1638 2538 1670 2571 in
1696 2541 1772 2585 qui-

298 2593 367 2627 bus
395 2593 490 2627 inest
516 2590 748 2640 ἰπιδιήγησις
775 2594 935 2641 quaedam
961 2593 1044 2635 (vid.
1070 2595 1247 2640 Anonym.
1275 2593 1483 2639 Seguerian.
1501 2603 1538 2638 p.
1555 2591 1635 2632 436,
1656 2596 1677 2628 ‘2
1693 2607 1772 2644 sqq.

299 2650 439 2685 Teubn.
466 2649 522 2685 ed.
551 2649 753 2698 Spengel),
779 2652 822 2687 cf.
847 2653 871 2696 §
900 2653 931 2685 1.

393 2706 440 2742 88
489 2706 543 2742 Cf.
569 2709 732 2743 Anaxim.
760 2711 839 2750 2363,
868 2710 910 2742 19
937 2721 1016 2754 sqq,
