1938 3153
1580 152 1610 196 7

304 268 413 312 Rem
442 268 595 326 igitur,
626 281 755 323 quam
786 267 916 310 nobis
949 268 1284 324 proposuimus,
1314 269 1372 310 ita
1396 274 1669 324 pertractare

189 339 233 381 in
264 338 408 380 animo
455 344 544 385 est,
589 344 638 379 ut
675 337 860 393 primum
900 335 1161 384 indicemus,
1193 336 1353 392 quibus
1386 336 1664 391 potissimum

189 422 248 450 ex
276 407 411 450 rebus
434 404 700 448 ‘conflentur
731 412 775 447 et
805 403 1050 447 efficiantur
1081 418 1151 453 ea,
1183 417 1283 459 quae
1315 404 1373 452 ei,
1405 404 1478 459 qui
1510 404 1567 446 ad
1599 403 1663 446 di-

189 474 377 517 cendum
422 475 681 523 surrexerit,
727 474 924 516 oratione
956 472 1264 529 persequenda
1296 472 1403 521 sint,
1434 478 1524 513 tum
1557 487 1662 514 vero

190 542 386 600 singulas
417 542 702 598 Antiphontis
735 548 780 584 et.
809 540 1056 584 Andocidis
1079 541 1301 583 orationes
1326 554 1663 596 percenseamus

190 610 234 652 in
263 610 404 665 iisque
435 624 533 664 quae
564 610 622 651 sit
651 623 795 651 rerum
827 609 1064 664 dispositio
1096 608 1452 657 consideremus,
1490 614 1664 663 postre—

188 693 261 720 mo
294 678 349 720 de
380 677 710 729 transitionibus
743 678 934 720 breviter
966 690 1250 732 exponamus.

305 746 370 787 Ac
400 745 584 800 primum
616 744 791 799 quidem
821 759 1053 786 causarum
1085 758 1110 785 a
1143 743 1311 784 civibus
1343 743 1455 785 inter
1486 758 1535 785 se
1566 759 1663 786 ora-

189 812 308 855 tione
353 817 635 853 tractatarum
681 812 787 864 (τῶν
823 811 1062 852 πολιτικῶν
1091 809 1301 865 λόγων)ιι
1336 810 1424 851 duo
1458 825 1558 852 esse
1588 825 1663 866 ge-

187 894 292 922 nera
323 879 505 936 (γ.ιῖἰ)η)12
534 879 827 921 Anaximenes
860 879 1056 921 voluisse
1080 878 1268 927 videtur.
1293 878 1549 921 concionale
1570 880 1662 937 (δη-

284 1003 322 1036 11
374 999 595 1038 ”Hohtanae
619 1000 725 1048 λόγος
749 1008 807 1038 est
844 1015 978 1038 causa
1016 1003 1182 1044 civilis,
1221 1014 1300 1048 quae
1330 1003 1492 1038 oratione
1518 1004 1661 1050 publica

186 1059 390 1095 tractatu1·.”
439 1058 582 1092 lei-nest.
611 1058 729 1094 Lexic.
756 1059 979 1106 Teclniolog.
1007 1059 1119 1093 Graec.
1145 1072 1178 1106 p.
1206 1059 1283 1093 279.
1334 1060 1386 1093 Cf.
1414 1059 1508 1094 Petr.
1533 1059 1659 1094 Victo-

185 1118 270 1159 rius,
297 1117 535 1151 Commentar.
573 1117 606 1150 in
646 1118 796 1152 Aristot.
835 1117 982 1152 Rlietor.
1008 1129 1042 1164 p.
1068 1117 1146 1151 394.
1190 1117 1313 1151 Finkh.
1346 1117 1587 1151 commentat.
1613 1117 1658 1152 de

184 1176 290 1209 Auct.
315 1174 418 1208 Rhet.
445 1173 488 1207 ad
515 1174 615 1207 Alex.
643 1186 676 1219 p.
701 1174 732 1208 9.

277 1230 322 1265 12
369 1230 507 1265 Initium
535 1231 611 1265 libri
635 1231 868 1266 Anaximenei
905 1230 974 1264 hoc
1012 1238 1088 1265 est:
1124 1228 1199 1265 Δὺο
1236 1231 1320 1276 γένη
1359 1229 1434 1263 τῶν
1457 1228 1659 1265 πολιτικῶν

184 1283 259 1322 εἶσι
282 1286 411 1334 λόγων,
437 1289 480 1321 τὸ
513 1287 582 1331 μὲν
617 1285 881 1335 δημηγορικὸν,
915 1288 958 1321 τὸ
993 1285 1033 1321 δὲ
1060 1283 1258 1322 δικανικόν.
1309 1287 1380 1322 Ubi
1408 1300 1514 1333 quum
1541 1288 1658 1325 Codd.

185 1355 331 1389 omnes:
363 1344 462 1389 Τρία
485 1344 568 1387 γένη
593 1362 609 1369 -
632 1362 648 1370 -
669 1362 687 1370 -
710 1345 752 1377 τὸ
781 1342 819 1377 δ’
847 1340 1110 1382 ἐπεδεικτικὸν,
1135 1344 1178 1376 τὸ
1207 1340 1246 1376 δὲ
1273 1340 1459 1377 δικανικόν
1483 1346 1657 1390 praebuis-

182 1407 275 1443 sent,
301 1399 536 1448 probabiliter
560 1399 776 1448 Spengelius
803 1412 846 1436 ex
874 1399 1016 1442 Quintil.
1032 1399 1058 1434 1.
1074 1399 1115 1435 O.
1130 1398 1192 1441 111,
1207 1402 1237 1441 4,
1264 1400 1284 1433 9
1310 1406 1345 1435 et
1372 1400 1515 1448 Syriani
1533 1401 1657 1438 Schol.

182 1460 218 1493 in
242 1458 481 1505 Hermogenis
507 1456 608 1493 στάς.
634 1458 698 1498 1V,
723 1458 770 1492 60
794 1470 848 1505 sq.
883 1458 1002 1493 Rhett.
1028 1458 1143 1492 VValz.
1181 1464 1295 1492 totum
1332 1459 1452 1493 locum
1489 1460 1657 1496 restituit.

181 1511 293 1558 Quod
318 1516 347 1550 si
371 1516 552 1562 quaeritur,
577 1527 709 1562 genera
736 1507 794 1550 illa
818 1523 855 1550 et
880 1516 1021 1562 species
1046 1527 1203 1561 quonam
1229 1516 1377 1550 rationis
1404 1517 1543 1550 vinculo
1564 1518 1657 1551 inter

179 1584 223 1607 se
249 1574 509 1613 contineantur,
541 1572 758 1618 Spengelius
784 1581 821 1608 et
845 1573 1016 1607 Finkhins
1044 1573 1089 1607 de
1115 1573 1181 1607 bac
1207 1585 1245 1607 re
1270 1574 1414 1620 egregie
1440 1574 1487 1609 illi
1510 1574 1653 1621 quidem

179 1629 424 1676 disputarunt,
451 1629 518 1663 sed
543 1640 615 1663 non
642 1629 747 1675 plane
773 1635 810 1663 et
835 1629 1012 1675 perfecte,
1043 1630 1074 1663 si
1104 1630 1247 1676 quidem
1273 1631 1365 1663 nulla
1393 1631 1467 1665 fere
1493 1633 1655 1665 necessi-

179 1692 253 1722 tate
291 1698 380 1721 unas
418 1697 464 1720 ex
501 1686 620 1720 alteris
659 1691 762 1732 aptas
793 1697 877 1721 esse
916 1685 1092 1721 dixerunt.
1152 1685 1206 1721 Cf.
1231 1688 1403 1733 Spengel.
1429 1687 1604 1723 Zeitschr.
1628 1688 1653 1722 f.

180 1743 502 1778 Alterthumswiss.
528 1743 632 1783 1840,
658 1754 691 1788 p.
721 1742 823 1776 1263:
850 1742 979 1776 ’'Nicht
1004 1743 1068 1776 auf
1090 1744 1170 1777 dem
1196 1744 1344 1778 Grunde
1362 1744 1427 1778 der
1453 1744 1527 1778 drei
1551 1746 1651 1790 γένη,

180 1799 237 1836 die
263 1798 345 1834 dem
370 1799 585 1834 Aristoteles
611 1799 885 1847 eigentliumlich
910 1798 1009 1840 sind,
1047 1799 1205 1834 sondern
1244 1801 1308 1834 auf
1331 1800 1413 1835 dem
1438 1800 1504 1835 der
1528 1801 1652 1835 sieben

178 1854 262 1901 εἴδη
295 1857 424 1891 beruht
461 1858 560 1893 diese
593 1858 747 1893 kleinere
778 1857 973 1892 Rhetorik’'
1002 1860 1062 1901 (=
1087 1857 1191 1893 Rhet.
1218 1859 1262 1893 ad
1288 1859 1415 1901 Alex).
1465 1858 1517 1893 Id.
1543 1857 1651 1893 Com-

179 1921 326 1949 mentar.
352 1914 397 1948 ad
423 1915 586 1949 Anaxim.
612 1926 645 1961 p.
672 1915 749 1955 100,
773 1915 836 1948 1V.
868 1915 994 1948 Finkh.
1019 1914 1065 1949 de
1091 1918 1196 1949 Auct.
1230 1916 1334 1951 Rhet.
1361 1917 1406 1951 ad
1432 1917 1536 1951 Alex.
1561 1929 1596 1963 p.
1623 1918 1652 1950 7.

178 1971 298 2007 ”recte
323 1971 515 2018 respondit
538 1972 775 2019 Spengelius,
799 1973 832 2006 in
860 1972 1075 2006 tractatione
1101 1974 1298 2020 argumenti
1323 1975 1403 2021 ipsa
1428 1986 1499 2008 non
1517 1985 1652 2021 genera

176 2030 364 2076 explicari,
389 2035 428 2064 ut
452 2030 548 2076 apud
575 2031 824 2070 Aristotelem,
860 2029 925 2064 sed
964 2029 1084 2063 missis
1110 2031 1302 2076 generibus
1329 2032 1490 2078 singulas
1515 2033 1650 2066 exami-

176 2086 252 2121 nari
277 2086 451 2132 species.'’
501 2086 580 2121 Hoc
605 2088 653 2121 ita
679 2098 698 2121 a
724 2087 840 2121 doctis
877 2086 946 2120 illis
980 2087 1060 2120 viris
1090 2093 1188 2121 recte
1214 2087 1387 2133 disputari
1413 2100 1486 2122 non
1511 2100 1650 2134 negan-

177 2144 262 2179 dum
288 2150 362 2186 est,
388 2146 418 2178 si
444 2150 590 2190 putatur
615 2144 855 2179 Anaximenes
893 2155 966 2177 non
1002 2150 1074 2177 tam
1101 2143 1134 2178 id
1162 2146 1301 2191 egisse,
1332 2151 1386 2186 ut,
1410 2145 1648 2192 quemadmo—

176 2200 260 2236 dum
297 2201 429 2236 fecisse
467 2202 629 2236 novimus
667 2200 918 2241 Aristotelem,
955 2200 1010 2234 vel
1036 2201 1069 2234 in
1096 2202 1246 2249 singulis
1285 2204 1339 2236 sni
1376 2203 1454 2236 libri
1488 2204 1649 2248 partibus

176 2259 317 2305 species
342 2258 420 2292 illas
447 2258 493 2293 ad
519 2270 622 2293 suum
648 2258 819 2305 quodque
843 2268 957 2304 genus
984 2268 1128 2304 semper
1140 2267 1344 2301 revocaret,
1369 2271 1476 2306 quam
1501 2260 1537 2294 id
1564 2271 1648 2306 spe-

174 2320 309 2356 ctasse,
334 2321 373 2348 ut.
397 2327 502 2361 quam
527 2316 715 2350 utilissime
746 2315 974 2361 praeciperet,
1011 2314 1098 2360 quid
1136 2321 1237 2349 esset
1274 2316 1306 2349 in
1345 2328 1489 2362 quaque
1526 2318 1648 2363 specie

175 2373 236 2415 iis,
262 2372 322 2419 qui
348 2371 393 2406 ad
420 2372 676 2412 dicendumse
701 2372 832 2407 vellent
851 2372 1003 2413 institui,
1030 2371 1306 2407 observandum.
1356 2372 1431 2408 Sed
1457 2376 1582 2408 nescio
1603 2386 1647 2409 an

174 2430 309 2477 injuste
336 2441 415 2463 cum
443 2431 665 2465 Anaximene
692 2438 827 2477 agatur,
853 2431 883 2464 si
910 2431 988 2476 quis
1014 2441 1094 2464 eum
1122 2430 1169 2463 ita
1203 2441 1276 2464 rem
1303 2432 1526 2477 transegisse
1552 2433 1647 2467 affir-

174 2493 266 2528 met,
292 2492 347 2529 ut,
373 2498 480 2534 quum
505 2498 638 2534 genera
662 2488 696 2521 in
722 2492 844 2535 partes
872 2486 1131 2525 distribuisset,
1170 2497 1328 2532 qnaenani
1368 2489 1529 2533 partibus
1560 2490 1646 2524 sub—

172 2550 302 2581 essent
325 2557 475 2594 genera,
512 2557 585 2581 non
622 2551 849 2593 agnosceret.
908 2543 1016 2580 Aliud
1053 2553 1111 2578 est
1148 2551 1233 2590 post
1265 2556 1434 2592 generum
1461 2548 1494 2581 in
1522 2555 1644 2595 partes

173 2603 305 2637 factam
342 2603 551 2638 divisionem
589 2613 722 2649 genera
757 2604 1046 2649 praetermittere,
1089 2602 1240 2648 partium
1281 2606 1455 2639 rationein
1497 2606 1645 2648 habere,

176 2659 272 2695 aliud
297 2660 330 2695 in
357 2660 536 2705 ejusmodi
560 2665 681 2707 partes
706 2670 840 2706 genera
857 2654 1087 2705 distribuere,
1113 2671 1190 2706 quae
1204 2671 1277 2695 non
1295 2662 1352 2695 sui
1366 2672 1518 2708 quaeque
1533 2674 1645 2708 gene-
