1938 3153
1616 162 1671 204 43

483 275 487 279 “
528 276 601 324 lV,
633 292 669 332 γ.
1039 294 1043 296 ’
1251 273 1352 333 (IV,
1383 277 1409 319 ὃ

287 372 604 427 Προοίμιον.
636 371 659 427 ξ
697 372 727 413 l.
1046 369 1365 425 Προοίμιον.
1397 368 1420 423 ἓ
1459 369 1490 410 1.

226 440 254 479 1.
315 438 415 482 Non
461 440 628 487 mirum
673 438 711 481 si
755 451 857 481 reus
896 437 971 482 iis.
986 438 1013 479 Ι.
1070 435 1192 479 Reus
1240 450 1328 478 non
1373 435 1431 477 ob
1471 435 1538 478 sui
1570 434 1729 492 despe-

314 510 414 552 quae
435 496 557 543 fecit
582 496 892 539 convenienter
908 494 970 537 di·
1071 494 1283 537 rationem
1330 492 1412 535 sed
1443 499 1627 549 propter
1658 507 1729 535 ae·

314 555 384 603 cit,
430 554 667 610 vobisque,
695 552 894 611 judices,
938 552 970 593 i-
1072 562 1325 594 cusatorum
1404 550 1728 592 contentionem

311 612 614 669 gnoscendum
645 618 733 660 est,
750 609 891 676 quod
903 624 970 652 re·
1070 610 1179 653 urbe
1210 608 1413 652 excessit.
1475 608 1572 651 Nos
1604 607 1729 649 amici

312 683 408 711 rum
439 669 729 725 expositionis
755 668 969 724 aecipien-
1069 666 1137 709 fas
1160 682 1260 710 esse
1276 682 1373 708 eum
1391 665 1631 708 defendere
1648 665 1728 706 du-

312 726 382 769 dae
427 725 618 768 studiosi
658 727 791 768 istum
837 739 967 780 aequo
1068 724 1225 767 ximus.
1242 724 1398 835 §linpim
1410 722 1524 779 πρὸς
1539 736 1726 764 ευνοιαν.

310 784 454 825 animo
500 783 743 825 audivistis,
775 782 798 837 ξ
834 782 965 823 linit.
1069 780 1132 822 Cf.
1165 783 1302 823 Anax.
1406 781 1503 828 230,
1534 779 1601 820 23.

309 839 423 906 πρὸς
451 838 639 883 εὔνοιαν.
980 841 1022 881 11.
1063 796 1400 881 Defendenduin
1421 837 1556 892 igitur
1587 844 1667 876 est.
1700 833 1725 891 §

222 902 264 939 11.
305 897 406 950 Qui,
437 900 638 952 quamvis
655 895 892 944 concedat,
909 911 963 937 ex
1073 898 1089 938 l
1126 903 1235 938 extr.
1265 870 1500 951 πρόθεσις.

308 953 451 1011 plagis
497 961 716 996 mortuum
755 966 855 995 esse
885 951 964 994 ho-

307 1012 487 1059 minem
532 1019 675 1054 tamen
721 1026 770 1053 se
828 1010 965 1053 homi·

306 1069 447 1111 eidam
480 1083 579 1110 esse
611 1075 752 1125 negat.
773 1068 831 1124 §1
854 1067 962 1109 med.

304 1124 658 1226 προκατάληψις.
719 1124 782 1168 Cf.
822 1124 879 1168 ad
909 1128 962 1170 Π,

333 1216 346 1236 ,
407 1217 416 1227 .

215 1245 274 1283 111.
299 1184 405 1283 gaec
451 1247 494 1283 et
524 1241 593 1282 his
635 1240 790 1282 similia
821 1240 876 1282 ab
908 1254 961 1281 eo

305 1298 423 1340 dieta
474 1313 575 1339 esse
616 1296 858 1339 ostendam.
893 1296 956 1353 §1

307 1362 416 1396 extr.
447 1354 681 1411 πρόθεσις.

222 1482 254 1514 in
280 1481 382 1514 Actis
410 1479 582 1514 Societat.
609 1479 722 1513 Graee.
749 1490 768 1512 a
796 1479 1049 1513 Funkhaenelio
1076 1484 1113 1513 et
1140 1479 1422 1515 Wesiermanno
1450 1479 1532 1514 edd.
1558 1479 1639 1514 Vol.
1653 1475 1698 1514 II.

220 1550 253 1584 p.
281 1536 324 1572 88
349 1537 440 1572 hanc
466 1535 751 1572 emendationem
777 1542 1004 1584 praeceptam.

313 1595 334 1628 9
381 1594 529 1629 Juvenis
555 1606 679 1629 senem
704 1595 795 1628 inter
819 1595 929 1628 rixam
956 1595 1004 1629 ita
1028 1596 1189 1636 vexavit,
1215 1602 1254 1630 ut
1288 1591 1415 1643 paucis
1450 1595 1578 1630 diebus
1610 1600 1699 1642 post

220 1652 371 1687 animam
409 1652 556 1687 efflaret.
618 1653 651 1685 A
676 1652 773 1686 senis
812 1651 1023 1698 propinquis
1062 1652 1168 1700 hujus
1207 1654 1363 1687 criminis
1402 1660 1594 1687 accusatus
1628 1663 1699 1686 una

219 1711 382 1745 orat-ione
408 1722 448 1745 se
473 1709 636 1745 defendit
660 1709 816 1756 dicitque
840 1716 875 1744 et
902 1722 923 1744 a
946 1721 1035 1745 sene
1062 1711 1128 1745 sibi
1154 1711 1318 1758 injuriam
1345 1712 1477 1746 illatam
1504 1723 1606 1752 esse,
1631 1722 1698 1746 nec

218 1768 335 1814 plagis
362 1768 521 1813 acceptis
552 1779 633 1801 eum
670 1768 876 1801 'cenfectum
914 1769 1123 1814 exspirasse
1148 1769 1212 1802 sed
1240 1770 1379 1803 inscitia
1404 1769 1543 1804 medici.
1593 1769 1696 1803 Alte-

217 1836 292 1859 ram
330 1824 547 1859 defendendi
586 1835 695 1859 causa
734 1824 948 1865 orationem,
984 1837 1095 1871 quum
1133 1832 1214 1861 ante
1247 1827 1325 1872 ejus
1352 1826 1526 1861 habendae
1553 1833 1696 1872 tempus

216 1882 336 1917 solum
362 1882 488 1917 exsilio
514 1883 701 1924 vertisset,
726 1893 798 1917 non
826 1881 905 1928 ipse
930 1881 1070 1924 habuit,
1108 1882 1175 1917 sed
1212 1895 1278 1930 pro
1312 1895 1356 1918 eo
1391 1884 1524 1918 amicus
1551 1883 1696 1931 quidam

217 1950 363 1974 causam
390 1939 513 1973 oravit.

311 1996 357 2030 10
406 1995 425 2042 ξ
452 1996 472 2030 3
496 1993 520 2030 ὅ
542 2008 583 2030 τε
607 1996 676 2042 γὰρ
704 1992 912 2029 ἀποθανών
934 1993 1008 2030 κτλ.
1058 1995 1118 2032 Ad
1150 1996 1183 2031 h.
1215 1996 1238 2031 1.
1272 1995 1473 2044 Sauppius:
1505 1997 1594 2044 ”yde
1621 2008 1695 2031 ma·

217 2056 277 2091 lim
305 2055 458 2096 abesse,
484 2063 521 2090 ut
548 2054 617 2088 sibi
642 2051 891 2100 respondeant
914 2051 939 2087 ὅ
961 2064 1001 2087 τε
1024 2055 1096 2102 γὰρ
1115 2055 1207 2089 θεὸς
1235 2053 1269 2100 (5
1295 2055 1331 2098 2)
1356 2074 1372 2082 -
1394 2073 1411 2082 -
1433 2052 1458 2088 ὅ
1479 2067 1519 2088 τε
1546 2052 1695 2088 ἀποθα-

215 2113 289 2147 νών
312 2112 346 2159 (5
374 2113 409 2156 3)
431 2131 448 2141 -
471 2132 487 2140 -
508 2109 616 2158 ἡμεῖς
640 2123 680 2146 τε
715 2109 749 2157 (ξ
774 2110 843 2155 4).”
905 2112 954 2145 At
993 2111 1073 2146 huic
1115 2111 1356 2147 emendationi
1398 2112 1478 2158 ipse
1518 2112 1694 2146 orationis

217 2176 411 2205 contextus
450 2176 635 2216 repugnat.
696 2168 852 2203 Primum
890 2169 981 2203 enim
1016 2168 1061 2203 de
1096 2181 1149 2203 vv.
1174 2167 1196 2203 ὃ
1223 2181 1262 2203 τε
1292 2171 1360 2216 γὰρ
1386 2170 1478 2206 θεὸς
1502 2169 1534 2216 (§
1561 2170 1597 2214 2)
1621 2181 1694 2203 vox

214 2239 255 2262 τε
281 2228 313 2261 in
341 2227 466 2262 eadem
493 2228 742 2262 enunciatione
767 2226 893 2266 habet,
919 2226 1018 2272 quod
1045 2227 1112 2261 sibi
1137 2227 1381 2273 respondeat,
1404 2239 1444 2261 τε
1470 2228 1503 2261 in
1529 2240 1583 2262 vv.
1607 2238 1694 2271 τρο-

217 2285 310 2329 φέας
334 2296 382 2318 τε
406 2284 617 2332 παρέδωκε.
667 2284 719 2319 lbi
746 2285 777 2319 si
802 2283 898 2318 nulla
916 2290 1019 2319 esset
1036 2284 1286 2330 particularum
1314 2284 1490 2330 trajectio,
1516 2284 1567 2318 sic
1592 2283 1693 2317 locu-

214 2346 274 2376 tus
304 2349 405 2376 esset
431 2350 555 2376 orator
579 2340 599 2376 ὃ
623 2342 693 2389 γὰρ
717 2341 809 2376 θεὸς
828 2360 844 2368 -
866 2359 882 2368 ··
898 2342 984 2377 τοὺς
1000 2340 1173 2388 πρώτους
1195 2344 1412 2389 γενομένους
1430 2339 1538 2386 ἡμῶν
1561 2339 1695 2386 ἔφυσέν

213 2411 255 2433 τε
281 2400 447 2445 τροφέας
471 2412 511 2434 τε
536 2396 733 2447 παρέδωκε
759 2396 859 2439 κτλη
888 2411 957 2445 qua
984 2399 1029 2434 de
1055 2411 1091 2434 re
1117 2399 1160 2434 cf.
1185 2400 1360 2434 Maeizner
1384 2399 1429 2434 ad
1456 2399 1487 2433 h.
1513 2399 1534 2433 l.
1558 2411 1594 2446 p.
1615 2398 1692 2433 185.

214 2456 309 2491 Tum
348 2468 431 2491 vero
470 2454 570 2492 ὅστις
596 2450 659 2490 οὖν
699 2476 742 2483 -
775 2455 888 2503 inquit
924 2457 1109 2505 Antiphon
1145 2477 1182 2482 -—
1217 2455 1359 2491 τούτων
1392 2454 1463 2490 ὑπὸ
1495 2456 1560 2490 τοῦ
1598 2454 1692 2490 θεοῦ

214 2512 443 2556 ἀξιωθέντος
477 2513 542 2549 τοῦ
567 2515 665 2560 βίου,
702 2510 810 2559 ἡμῶν
834 2511 983 2559 ἀνόμως
1021 2516 1104 2549 τινὰ
1145 2512 1377 2555 ἀποκτείνει,
1421 2512 1588 2560 ἀσεβεῖ
1622 2512 1692 2557 μὲν

213 2575 303 2619 περὶ
335 2572 422 2609 τοὺς
453 2572 584 2613 θεοὺς,
616 2570 775 2618 συγχεῖ
811 2567 860 2605 δὲ
901 2573 958 2606 τὰ
993 2570 1175 2617 νόμιμα
1214 2569 1289 2604 τῶν
1326 2568 1554 2618 ἀνθρώπων.
1602 2569 1689 2604 Haec

215 2629 289 2664 duo
313 2627 469 2676 (ἀσεβεῖ.
497 2628 634 2677 συγχεῖ)
657 2628 691 2663 ἰιι
716 2628 781 2669 iis,
818 2640 898 2676 quae
934 2634 1143 2677 sequuntur,
1180 2628 1325 2664 uberius
1363 2630 1518 2676 explicat
1554 2633 1690 2669 orat-or,

215 2697 257 2721 ae
287 2685 388 2733 prius
425 2687 513 2723 illud
545 2688 579 2723 in
605 2686 625 2733 ᾖ
652 2686 685 2729 3,
711 2686 894 2733 posterius
920 2687 954 2722 in
983 2686 1003 2733 ἓ
1027 2688 1061 2722 4.
1110 2685 1166 2722 Ea
1189 2686 1305 2734 igitur,
1330 2697 1409 2733 quae
1433 2686 1467 2720 in
1492 2684 1533 2731 ἐξ
1558 2683 1581 2720 3
1604 2690 1642 2720 et
1666 2686 1688 2720 4
