1938 3153
1612 163 1667 204 33

319 289 462 334 esset,
494 283 593 340 quis
623 281 917 350 interfecisset
921 296 945 347 ,ς-

291 340 664 447 bgllgnondonqffiffi
685 347 990 453 Ltgcixgogatiig?

321 463 393 499 tor
423 462 502 498 est.
534 454 557 512 ἓ
587 456 625 499 8.
657 460 855 513 σημεῖον.

292 544 587 601 Ἐπίλογος.
619 548 642 603 5
673 547 827 589 9-11.
1043 535 1342 593 Ἐπίλογος.
1373 539 1397 595 ἓ
1432 536 1613 582 11-12.

234 619 262 658 I.
294 616 339 674 a)
369 615 418 659 Si
463 629 592 671 quem
630 621 706 656 aut
736 628 791 655 ex
823 610 972 654 verisi-
986 609 1011 648 I.
1072 606 1174 673 Non
1219 621 1286 650 me
1339 606 1421 650 sed
1452 606 1555 649 illos
1600 602 1731 659 impie
1756 610 1819 644 αἱ).

321 673 564 715 militudine
595 678 670 714 aut
701 686 756 713 ex
777 670 971 712 testimo·
1073 678 1238 721 egisse,
1269 664 1620 707 demonstratum
1646 668 1726 703 est.

319 729 403 772 niis
450 729 650 771 convinci
680 727 748 770 fas
780 741 868 769 non
885 731 973 775 est,
1073 721 1297 764 Insontem
1326 737 1381 765 ne
1412 719 1727 764 condemnetis.

320 801 449 829 nemo
480 787 657 829 omnino
683 799 874 841 unquam
891 797 974 826 cae·
1069 778 1265 835 judices,
1296 785 1557 835 sont-amque
1577 777 1727 821 absol-

326 843 396 886 dis
427 844 607 900 coargui
637 843 812 899 poterit.
844 841 867 896 ἓ
898 842 936 883 9.
1074 837 1201 878 vatis.
1232 836 1256 892 ξ
1290 838 1353 878 ll.
1384 833 1448 888 εὖ,
1478 836 1618 883 κακῶς
1637 835 1728 877 δια-

128 907 213 946 δ10.
294 901 337 959 b)
368 901 415 944 Si
459 915 562 943 reus
607 899 841 943 absolutus
873 898 975 945 erit,
1074 895 1238 936 θεῖναι.

325 958 442 1014 ejus,
487 959 561 1013 qui
600 957 856 1000 interfectus
889 956 1031 1000 est,11.
1069 952 1337 1009 προαίρεσις.
1369 951 1393 1008 §
1429 951 1491 994 12.

325 1029 474 1058 manes
505 1029 669 1071 angore
697 1013 977 1057 conscientiae

323 1087 428 1123 vos,
451 1071 650 1146 iudices,
681 1072 922 1127 agitabunt.
954 1070 976 1125 ξ

332 1131 395 1173 10.
426 1144 491 1181 ευ,
521 1130 662 1177 κακῶς
691 1129 927 1170 διαθεῖναι.

237 1192 281 1231 11.
312 1186 457 1244 Hujus
480 1186 541 1228 rei
564 1200 778 1228 memores
801 1192 974 1227 mortuo

327 1259 457 1301 opem
487 1243 618 1292 ferte,
648 1242 974 1285 interfectorem

325 1301 594 1344 ulciscimini.
605 1300 629 1355 ξ
643 1301 662 1342 1
673 1300 977 1356 1.προαίρεσις.

241 1410 363 1461 ἄνδρα
386 1425 444 1448 um
470 1425 513 1448 so
541 1414 699 1448 sicherer
724 1425 767 1447 zu
792 1412 903 1459 tilgen
929 1413 993 1454 ist,
1031 1413 1084 1447 als
1123 1414 1352 1448 unmittelbar
1390 1413 1518 1447 vorher
1549 1412 1615 1448 der
1651 1416 1725 1448 An-

244 1471 368 1519 klfiger
404 1472 503 1506 seine
541 1469 708 1517 Aufgabe
745 1471 779 1505 in
818 1470 887 1505 den
928 1470 1081 1505 Worten
1122 1471 1342 1517 festgestellt
1378 1471 1458 1506 hat:
1493 1469 1726 1519 πειράσομαι

241 1525 328 1572 ὑμῖν
368 1525 504 1572 δηλοῦν
548 1525 596 1563 ὥς
637 1526 829 1561 ἀπέκτεινε
869 1529 934 1561 τὸν
970 1524 1129 1574 ἅνδρα.”
1184 1527 1256 1562 Vix
1288 1528 1531 1574 probabiliter.
1586 1528 1726 1563 Eadem

243 1585 337 1620 enim
363 1586 454 1619 inter
478 1580 603 1631 ἄνδρα
636 1590 671 1619 et
705 1580 912 1631 ἄνθρωπον
941 1585 1126 1619 fluctuatio
1152 1586 1326 1632 reperitur
1351 1597 1402 1620 or.
1427 1584 1474 1626 V,
1500 1584 1605 1630 ubi,§
1633 1585 1678 1620 39
1704 1583 1725 1619 ὁ

243 1639 451 1687 ἅνθρωπος
476 1642 618 1687 legitur,
643 1641 662 1686 ξ
688 1642 735 1676 40
759 1638 779 1674 ὁ
805 1638 912 1687 ἀνήρ,
940 1641 958 1686 §
986 1643 1031 1676 42
1054 1642 1120 1676 τοῦ
1140 1639 1358 1689 ἀνθρώπου,
1386 1642 1405 1688 §
1432 1642 1478 1676 46
1501 1644 1569 1675 τὸν
1588 1639 1723 1689 ἄνδρα,

244 1699 263 1745 §
291 1700 333 1733 51
357 1698 425 1733 τοῦ
455 1695 679 1743 ἀνθρώπου.

338 1757 385 1791 92
413 1751 470 1791 ἐἶ
491 1752 531 1788 δὲ
554 1755 605 1799 μή
640 1757 702 1787 καὶ
737 1751 799 1788 ἐπὶ
833 1753 914 1789 τοῖς
939 1749 1102 1798 ἱματίοις
1126 1774 1142 1782 -
1166 1774 1183 1783 -
1204 1774 1220 1782 -
1242 1755 1299 1790 τίς
1323 1751 1446 1799 olem
1482 1755 1652 1790 Reiskins
1679 1756 1724 1791 ad

246 1815 278 1849 11.
301 1815 323 1848 l.
347 1822 383 1849 et
409 1813 551 1858 Kayser
577 1812 701 1846 Rhein.
727 1812 821 1846 Mus.
847 1811 931 1851 XII,
958 1812 1026 1845 236
1053 1807 1095 1845 εἷ
1128 1809 1176 1845 δὲ
1208 1815 1283 1844 καὶ
1313 1812 1373 1855 μή
1411 1823 1478 1858 pro
1506 1812 1600 1858 vulg.
1624 1808 1661 1846 εἰ
1682 1809 1723 1846 δὲ

243 1870 295 1915 μή
334 1870 410 1904 καί.
460 1868 569 1911 Quod
595 1868 785 1903 videndum
812 1875 870 1902 est
894 1875 933 1902 ut
957 1875 1093 1903 rectum
1119 1869 1174 1903 sit.
1223 1868 1319 1903 Nam
1343 1869 1418 1904 haec
1443 1869 1665 1904 enunciatio:
1691 1865 1728 1904 εἰ

246 1924 288 1961 δὲ
310 1927 362 1971 μὴ
393 1929 455 1960 καὶ
476 1945 523 1953 --
539 1944 556 1953 -
579 1923 637 1960 ὑπ’
663 1924 784 1960 αὐτῶν
808 1925 957 1971 objecti,
984 1935 1023 1961 ut
1050 1927 1165 1973 ajunt,
1190 1927 1303 1960 instar
1328 1933 1387 1961 est
1414 1939 1459 1962 ex
1484 1928 1595 1962 verbo
1623 1924 1726 1961 οἶδεν

246 1983 427 2031 pendens3
454 1982 554 2017 aliter
580 1988 697 2018 autem
724 1983 933 2030 accipienda
950 1990 986 2019 et
1008 1983 1276 2031 interpretanda
1301 1991 1375 2026 est,
1400 1985 1430 2019 si
1455 1980 1492 2019 εἰ
1514 1981 1555 2019 δὲ
1579 1986 1643 2018 καὶ
1668 1985 1721 2028 μὴ

246 2041 384 2089 legitur.
434 2040 614 2076 Praeteren
636 2044 698 2075 καὶ
721 2053 794 2075 non
821 2041 867 2075 ad
893 2036 929 2075 εἰ
951 2040 1018 2076 sed
1044 2041 1088 2076 ad
1115 2039 1178 2076 ἐπὶ
1201 2041 1283 2077 τοῖς
1308 2038 1472 2086 ἱματίοις
1493 2041 1723 2077 referendum

248 2104 317 2134 est.
365 2097 417 2134 cf.
444 2109 495 2133 or.
521 2097 565 2140 V,
590 2097 634 2133 88
657 2096 752 2132 πολὺ
776 2096 1006 2144 διαφέροντά
1029 2096 1129 2132 ἐστιν
1150 2096 1176 2142 ἢ
1197 2102 1273 2132 καὶ
1298 2097 1360 2133 ἐπὶ
1384 2100 1465 2134 τοῖς
1490 2096 1628 2139 ἄλλοις,
1661 2099 1722 2133 ubi

248 2168 320 2190 non
359 2155 541 2190 debebant
577 2155 748 2190 Maetzner
784 2163 821 2190 et,
857 2155 1075 2189 Turieenses
1100 2156 1180 2188 καί
1203 2167 1422 2203 expungere.
1487 2154 1542 2190 De
1578 2156 1645 2190 hac
1683 2166 1724 2189 re

248 2214 385 2260 egimus
411 2213 444 2247 in
471 2212 590 2247 diariis
617 2212 764 2253 literar„
800 2223 878 2258 quae
914 2212 1021 2247 inser.
1056 2211 1232 2247 Zeitschr.
1268 2212 1292 2247 f.
1318 2213 1589 2247 Alterthumsw.
1620 2211 1723 2246 1857.

250 2269 318 2304 N:o
335 2268 391 2303 66.
407 2282 442 2316 p.
461 2270 525 2304 521
555 2269 601 2304 ad
624 2269 744 2305 locum
769 2268 963 2316 Hyperidis
989 2280 1040 2304 or.
1064 2281 1131 2316 pro
1158 2269 1372 2317 Euxenippo
1398 2270 1474 2306 Col.
1493 2269 1548 2305 39.
1574 2270 1725 2304 Frustra

253 2326 396 2373 Kayser
419 2325 464 2362 N.
487 2326 608 2361 Jahrb.
634 2327 657 2362 f.
682 2326 809 2361 Philol.
833 2339 866 2361 u.
892 2327 989 2362 Paed.
1016 2326 1118 2362 1858.
1142 2327 1239 2363 Hest-
1266 2329 1296 2362 2.
1321 2340 1356 2375 p.
1382 2328 1450 2362 119
1476 2327 1628 2362 affirmat
1656 2338 1723 2373 pro

252 2380 428 2429 ὑπηρέτει
450 2386 511 2417 καὶ
537 2385 765 2420 scribendum
792 2396 877 2420 esse
902 2383 1137 2430 ὑπηρετήκει.

344 2439 388 2473 93
436 2441 521 2475 τοὺς
544 2441 614 2484 μὲν
636 2443 705 2488 γὰρ
733 2439 757 2476 δ’
778 2454 818 2475 τε
845 2439 966 2487 φόβος
989 2439 1015 2485 ἤ
1036 2452 1077 2474 τε
1101 2438 1228 2475 ἀδικία
1254 2437 1357 2484 lnam}
1394 2434 1441 2484 ἦν
1474 2439 1615 2475 παῦσαι
1655 2439 1723 2484 τῆς

251 2497 526 2545 προθυμίας--
551 2499 650 2532 Imm.
678 2498 818 2533 Bekker
843 2499 997 2545 conjecit
1021 2498 1240 2545 προμηθίας
1264 2510 1330 2544 pro
1355 2498 1586 2546 προθυμίας,
1613 2497 1722 2544 idque

254 2556 394 2590 Turicc*
420 2561 643 2601 receperunt·
691 2556 880 2590 Maetzner:
903 2553 1031 2589 ἀδικία
1056 2552 1132 2596 οὐχ
1158 2551 1261 2598 ι’κανὴ
1287 2574 1304 2583 -
1327 2575 1343 2583 -
1365 2555 1595 2602 προθυμίας.
1622 2554 1721 2600 Kay-

253 2625 313 2648 ser
336 2614 371 2648 in
396 2613 520 2648 Rhein.
546 2612 639 2648 Mus.
665 2612 750 2654 Xn,
777 2613 846 2648 234
872 2625 928 2660 sq.
955 2620 991 2648 et
1016 2612 1060 2647 ml
1086 2611 1249 2647 Cornifie.
1275 2625 1309 2658 p.
1335 2612 1419 2648 289:
1443 2611 1544 2647 τοῖς
1567 2610 1722 2656 μὲν-η

252 2670 392 2704 παῦσαι
415 2672 466 2704 τὸ
496 2668 792 2716 φοβούμενον
814 2671 850 2712 (l.
876 2671 918 2703 τὸ
945 2666 1069 2704 δεδιὸς
1093 2670 1114 2702 l.
1139 2670 1182 2702 τὸ
1210 2666 1395 2712 δεδοικὸς)
1421 2668 1486 2712 τῆς
1500 2668 1722 2713 προμηθίας

1500 2728 1521 2759 4
