1938 3153
1574 210 1629 253 23

214 328 285 371 111.
304 327 350 385 a)
381 326 530 370 Mirari
577 341 625 370 se
671 326 795 378 dicit,
842 324 966 383 quod
997 324 1133 368 frater
1163 324 1284 381 pium
1317 339 1415 367 esse
1446 325 1687 368 arbitratus

302 396 361 438 sit
405 394 598 446 efficere,
643 402 692 438 ut
730 402 866 438 mater
896 409 949 437 ne
982 393 1223 441 damnetur,
1256 407 1388 448 quum
1419 394 1515 449 ipse
1546 393 1686 435 multo

303 464 439 519 magis
469 464 647 519 impium
678 464 839 507 habeat
868 470 1036 519 patrem
1069 462 1213 503 sinere
1228 460 1415 503 inultum
1423 460 1585 516 jacere.
1607 461 1684 516 §5.

274 531 315 589 b)
347 531 502 587 Neque
520 546 625 574 vero
640 532 849 587 -inquit-
864 530 1011 572 dicere
1047 529 1211 585 poterit
1232 542 1356 579 reus,
1374 543 1423 570 se
1440 529 1580 585 probe
1602 530 1686 571 sci-

301 613 369 648 re,
401 599 507 654 quid
538 599 701 641 factum
733 600 801 641 sit.
862 598 1029 640 Servos
1062 598 1173 639 enim
1204 598 1247 639 in
1280 597 1569 653 quaestionem
1592 595 1688 637 dari

302 667 453 709 noluit.
488 666 573 719 Qui
595 667 632 708 si
653 668 764 708 inter
787 665 1066 721 quaerendum
1083 671 1339 720 negassent,
1359 678 1509 706 verum
1530 678 1599 706 me
1622 663 1686 705 di-

302 749 420 784 cere,
451 735 531 776 rite
552 749 601 776 se
625 734 680 776 ad
707 732 1033 776 defendendum
1056 747 1102 774 re
1125 733 1353 787 explorata
1374 733 1471 788 ipse
1488 733 1686 788 accinge·

298 811 365 844 ret
394 802 666 857 faceretque,
698 809 747 843 ut
776 801 852 842 illa
882 800 1072 842 criminis
1104 800 1421 841 absolveretur.
1453 800 1477 855 ἓ
1502 799 1689 841 6—782.

271 871 310 929 c)
342 871 452 924 Quae
498 877 641 912 tamen
681 883 815 925 quum
859 868 920 910 ita
964 883 1052 910 non
1085 869 1193 918 sint,
1225 867 1334 924 quid
1364 868 1469 909 mihi
1499 882 1685 924 respon-

302 938 450 980 debit?
493 938 541 980 In
588 936 900 993 cognoscendo
932 936 1340 978 condemnationem
1372 950 1473 979 esse
1502 936 1575 978 isti
1605 950 1687 992 pu-

300 1012 466 1055 tarunt,
498 1006 541 1047 in
572 1003 817 1061 ignorando
850 1004 1048 1046 salutem.
1080 1004 1104 1059 ἓ
1134 1005 1258 1047 8-9,

274 1074 319 1131 d)
350 1074 516 1116 Servos
549 1087 699 1114 eorum
730 1073 773 1113 in
805 1073 1093 1128 quaestionem
1124 1072 1233 1128 ipsis
1265 1072 1554 1128 praesentibus
1579 1071 1683 1114 ferri

302 1141 442 1191 volui,
487 1156 541 1183 ne
588 1140 694 1196 quid
740 1154 765 1181 a
808 1154 876 1181 me
913 1139 1171 1196 interrogari
1202 1146 1390 1196 possent
1418 1147 1583 1197 praeter
1613 1154 1684 1189 ea,

299 1223 398 1263 quae
442 1209 486 1249 in
522 1209 671 1250 libello
704 1208 997 1249 accusationis
1029 1208 1201 1262 scripsi.
1260 1208 1549 1249 Recusarunt.
1611 1207 1684 1248 Ex

297 1275 385 1317 hoc
414 1275 514 1330 ipso
547 1274 842 1330 colligendum
875 1281 961 1322 est,
993 1288 1060 1315 me
1092 1288 1243 1315 verum
1275 1274 1453 1316 dixisse.
1486 1273 1621 1326 Quod
1643 1274 1683 1315 si

294 1343 358 1383 illi
389 1341 444 1383 de
476 1343 616 1383 servis
650 1342 786 1397 quaeri
819 1342 1085 1390 voluissent,
1119 1356 1200 1396 ego
1234 1348 1378 1383 autem
1410 1356 1684 1391 recusarem,

297 1409 398 1451 inde
429 1408 490 1450 illi
523 1409 802 1464 colligerent,
835 1423 901 1450 me
933 1409 1075 1464 culpae
1105 1423 1227 1450 reum
1260 1423 1371 1451 esse.
1404 1411 1552 1466 Atque
1567 1409 1685 1452 idem

299 1493 415 1520 nunc
447 1492 528 1534 ego
562 1478 617 1520 de
648 1478 734 1519 illis
766 1477 939 1533 colligo.
973 1477 995 1532 ἓ
1031 1477 1209 1519 10-12.

269 1546 306 1603 e)
338 1545 569 1601 Indignum
614 1559 721 1586 sane
764 1544 948 1592 videtur,
982 1543 1104 1599 quod
1137 1559 1219 1585 vos
1250 1545 1311 1586 illi
1343 1552 1522 1602 rogant,
1553 1553 1603 1587 ut
1632 1561 1682 1587 sc

298 1613 564 1661 absolvatis,
595 1627 718 1653 suam
750 1612 834 1667 ipsi
867 1626 1045 1653 causam
1077 1627 1132 1654 ex
1162 1612 1323 1654 indicio
1364 1621 1681 1655 tormentorum

298 1680 529 1737 dijudicari
560 1680 726 1721 nolunt.
758 1679 781 1734 ξ
819 1679 879 1720 12.

256 1748 303 1806 s)
335 1748 533 1803 Apparet
562 1747 705 1803 igitur,
738 1761 825 1802 qua
856 1747 1024 1789 ratione
1058 1745 1177 1789 ducti
1210 1748 1501 1804 quaestionem
1531 1749 1594 1791 illi
1616 1763 1682 1790 re-

297 1815 559 1856 cusaverint.
621 1814 712 1856 Sed
750 1830 850 1863 vos,
876 1815 1074 1871 judices,
1105 1829 1195 1856 rem
1226 1816 1401 1871 planam
1432 1816 1613 1859 facietis.
1659 1816 1683 1871 ξ

309 1883 370 1925 13.
397 1907 444 1914 -—
468 1881 548 1939 τὴν
577 1880 754 1924 εὔνοιαν
787 1882 1176 1939 παρασκευάζεθαι
1192 1883 1241 1925 ⁸³.

211 1976 271 1998 rus
298 1968 371 2003 est,
398 1962 569 2007 proponit
594 1967 630 1995 et
650 1961 793 2006 judices
822 1961 866 1995 ad
893 1961 1107 1995 audiendum
1134 1962 1297 2007 impellit,
1323 1969 1362 1996 ut
1388 1964 1526 1998 illorum
1543 1965 1682 1999 miseri-

210 2019 369 2055 cordiam
395 2029 538 2053 movere
564 2019 654 2053 velle
680 2018 850 2054 videatur.
899 2016 1019 2059 Quare
1044 2018 1113 2053 hoc
1139 2014 1191 2055 εἷς
1214 2021 1257 2053 τὸ
1288 2022 1486 2066 προσέχειν
1514 2034 1683 2068 παρακα-

205 2074 282 2111 λεῖν
305 2077 340 2110 in
365 2070 543 2119 αι’τήματι
570 2076 645 2110 sive
671 2072 796 2119 δεήσει
821 2081 887 2110 est.
943 2075 996 2111 Cf.
1022 2077 1125 2110 etiam
1159 2078 1273 2110 Anax.
1309 2076 1388 2118 229,
1416 2078 1470 2111 15.
1508 2078 1682 2125 Spengel.

208 2133 446 2167 Commentar.
474 2144 506 2177 p.
534 2131 612 2166 244.

300 2190 347 2224 82
396 2189 434 2223 ln
461 2188 479 2233 ξ
508 2190 528 2221 7
552 2190 626 2223 haee
651 2189 832 2234 leguntur:
856 2189 935 2225 πῶς
955 2183 1018 2224 οὖν
1032 2192 1120 2237 περὶ
1146 2188 1298 2231 τούτων,
1326 2183 1356 2224 ὦ
1381 2188 1679 2233 δικάζοντες,

203 2244 315 2279 αὐτὸν
340 2241 437 2279 εἰκὸς
461 2240 612 2284 εἰδέναι,
638 2248 727 2290 περὶ
754 2240 804 2277 ὦν
824 2258 865 2290 γε
885 2248 953 2289 τὴν
968 2244 1150 2289 ἀλήθειαν
1165 2245 1230 2280 οὐκ
1247 2245 1399 2292 εἴληφες
1426 2249 1532 2283 Certe
1557 2249 1680 2283 Bakeo

204 2301 376 2343 (Scholic.
401 2300 638 2346 Hypomnem.
664 2301 690 2343 1,
717 2301 785 2336 210
809 2303 879 2348 sq.)
906 2303 1176 2338 assentiendum
1203 2311 1277 2345 est,
1309 2305 1520 2341 offensionis
1548 2305 1681 2353 aliquid

208 2357 384 2393 vocabulo
412 2350 441 2390 ὦ
472 2354 685 2400 δικάζοντες
710 2359 891 2394 inhaerere.
953 2360 1029 2395 Sed
1067 2361 1166 2408 quod
1204 2361 1262 2396 ille
1300 2373 1366 2407 pro
1406 2356 1436 2396 ὦ
1467 2360 1681 2405 δικάζοντες

206 2412 317 2449 αὐτόν
340 2415 409 2461 legi
435 2415 510 2448 vult
534 2413 935 2459 αὖτοχεδιάζοντα
961 2417 1017 2460 ('·i.
1045 2429 1076 2452 e.
1102 2424 1236 2453 temere
1267 2426 1304 2453 et
1334 2431 1401 2453 suo
1434 2426 1547 2454 marte
1584 2420 1682 2454 facta

207 2473 451 2520 fingentem”),
489 2483 625 2513 vereor,
662 2480 701 2507 ut
737 2485 857 2508 verum
883 2475 939 2509 sit.
1001 2476 1055 2511 Ac
1088 2475 1252 2521 profecto
1278 2474 1331 2516 id,
1369 2476 1468 2523 quod
1494 2478 1681 2525 Antiphon

206 2530 286 2575 ipse
311 2530 467 2576 scripsit,
492 2541 565 2563 non
589 2529 692 2564 facile
718 2530 763 2564 ad
781 2532 1048 2577 assequendum
1074 2533 1281 2578 conjectura
1305 2537 1372 2568 est.
1421 2534 1508 2569 Mihi
1535 2535 1679 2581 quidem

205 2587 282 2621 visa
295 2586 487 2634 aliquando
503 2593 560 2622 est
580 2586 733 2621 formula
760 2580 789 2621 ὦ
813 2584 946 2635 ἄνδρες
961 2586 1133 2624 δικασταί
1154 2600 1220 2636 per
1239 2600 1397 2625 errorem
1417 2603 1438 2625 a
1456 2592 1599 2627 librario
1615 2592 1677 2627 ali-

205 2656 277 2689 quo
291 2646 431 2680 inverse
446 2646 581 2691 scripta
600 2644 1102 2682 QAJKAGTAIANAPEG
1113 2646 1291 2681 vocabulo
1306 2648 1684 2684 ΩΔΙΚΑΖΟΝΤΕΟ

205 2700 350 2746 originis
378 2703 683 2747 opportunitatem
708 2703 918 2749 praebuisse.

293 2755 339 2791 83
389 2757 440 2792 cf.
467 2758 630 2795 Anaxim.
655 2759 733 2803 228,
760 2760 805 2796 29
831 2772 913 2808 sqq.
939 2761 1018 2804 215,
1044 2761 1064 2796 3
1090 2772 1170 2808 sqq.
1220 2760 1259 2796 In
1285 2762 1352 2798 hac
1376 2761 1551 2810 prooemii
1574 2767 1678 2810 parte
