1938 3153
301 135 356 178 22

242 257 331 293 tem
377 250 432 292 ad
485 250 713 306 ψεκτικόν.
774 251 968 294 Primum
999 259 1143 295 autem
1176 255 1463 311 Antiphontis
1495 256 1717 298 orationes

242 331 516 374 exponamus
563 317 720 362 ordine
765 319 941 370 eodem,
988 335 1075 376 quo
1121 322 1164 362 in
1212 321 1478 366 editionibus
1510 324 1720 367 collocari

242 386 399 429 solent.
461 385 611 442 Atque

747 456 791 496 in
824 455 1093 498 Oratione
1123 456 1207 501 1⁷⁸,

241 538 329 579 qua
358 522 587 580 privignus
619 536 854 564 novercam
884 522 1200 577 βουλεύσεως79
1225 529 1415 572 accusat,
1433 525 1556 580 quod
1589 541 1715 568 suum

237 598 408 647 patrem
463 591 661 632 maritum
706 590 847 645 ipsius
894 606 1062 633 veneno
1096 591 1339 632 tollendum
1371 594 1608 643 curaverit,
1639 594 1718 635 ad-

236 658 567 713 versariumque
597 657 641 698 in
673 671 808 699 causa
840 657 1027 700 dicenda
1058 658 1193 701 habet
1223 658 1359 701 filium
1380 673 1607 709 novercae,
1628 659 1716 701 hoc

236 727 330 769 fere
360 726 496 767 modo
527 740 599 767 res
632 725 865 782 dispositae
898 734 1013 768 sunt.

481 793 676 835 Primum
707 794 882 849 quidem
915 795 1230 851 Προοίμιον.
1263 794 1286 850 ξ
1321 795 1471 837 1-13.

236 863 268 905 Ι.
327 862 392 912 Is,
439 862 515 918 qui
546 863 791 904 orationem
822 862 976 912 habet,
1006 870 1111 919 post
1144 878 1400 919 expressam
1432 863 1585 920 paucis
1619 879 1715 906 ver-

324 930 392 972 bis
426 929 740 972 adolescentiae
776 936 820 972 et
849 945 993 972 rerum
1022 930 1261 972 forensium
1283 931 1506 987 imperitiae
1529 946 1712 974 excusa-

324 998 490 1040 tionem
522 998 578 1040 de
609 998 672 1039 rei
703 998 962 1054 indignitate
994 999 1190 1055 loquitur
1229 1005 1272 1041 et
1303 1001 1514 1056 scrupulo
1547 1001 1631 1043 sibi
1652 1001 1715 1042 in-

318 1067 463 1122 jecto,
510 1065 654 1120 quod,
702 1081 835 1121 quum
882 1081 909 1107 a
937 1073 1063 1122 patre
1095 1067 1179 1108 sibi
1209 1067 1462 1109 mandatum
1496 1075 1635 1117 esset,
1666 1074 1717 1110 ut

321 1134 376 1176 ab
408 1132 549 1189 ipsius
580 1133 939 1175 interfectoribus
974 1148 1141 1189 poenas
1173 1140 1411 1190 repeteret,
1442 1136 1484 1177 in
1518 1150 1611 1177 eam
1631 1135 1714 1177 dif-

320 1202 560 1243 ficultatem
605 1201 856 1246 incidisset,
888 1208 955 1249 ut,
988 1217 1102 1257 quos
1135 1203 1218 1243 sibi
1250 1203 1292 1243 in
1318 1218 1450 1245 causa
1481 1202 1711 1258 adjutores

319 1269 416 1311 fore
449 1283 630 1324 sperare
675 1267 742 1309 fas
775 1276 914 1317 esset,
947 1283 1024 1310 eos
1057 1283 1265 1311 accusare
1292 1276 1535 1326 cogeretur,
1551 1269 1712 1311 fratres

324 1338 482 1379 eodem
514 1343 641 1392 patre
673 1341 801 1377 natos
835 1351 1076 1391 eorumque
1106 1344 1299 1379 matrem.
1331 1337 1353 1392 ἓ
1390 1337 1510 1379 1-2.
1532 1336 1716 1394 -πρό-

321 1404 508 1453 &was-⁸⁰.

231 1476 284 1517 Π.
317 1475 428 1517 Peto
460 1478 605 1515 autem
634 1497 678 1503 —
708 1471 850 1527 inquit
877 1497 924 1503 —
954 1487 980 1514 a
1010 1473 1159 1518 vobis.
1183 1472 1383 1529 judices,
1415 1479 1474 1523 ut,
1507 1473 1545 1515 si
1576 1487 1602 1515 a
1632 1488 1709 1515 no-

320 1555 450 1584 verca
480 1549 650 1596 patrem
683 1554 823 1580 meum
855 1540 1131 1581 interfectum
1164 1555 1264 1581 esse
1296 1541 1708 1593 demonstraverim,

316 1616 359 1651 et
405 1609 578 1664 legibus
624 1606 907 1649 satisfaciatis
955 1616 998 1649 et
1030 1608 1132 1649 mihi
1164 1608 1341 1650 deserto
1375 1623 1505 1664 opem
1535 1607 1731 1660 serratim¹

318 1691 401 1718 vos
435 1676 546 1717 enim
576 1675 681 1716 mihi
715 1689 794 1729 pro
832 1676 1092 1717 necessariis
1125 1675 1245 1717 estis.
1277 1675 1450 1730 §3-4.
1487 1701 1533 1708 -
1568 1674 1631 1722 εἰς
1658 1674 1708 1716 τὸ

322 1747 562 1800 προσέχειν
592 1742 863 1799 παρακαλεῖν
873 1742 920 1784 ⁸¹.

233 1839 268 1872 p.
296 1824 483 1858 135-139
515 1822 666 1864 Reisk),
703 1821 969 1867 Valckenaerius
1012 1832 1068 1867 ap.
1110 1821 1252 1855 Sluiter.
1290 1821 1401 1856 Lectt.
1437 1822 1617 1856 Andocid.
1656 1821 1713 1857 ed.

234 1883 387 1918 Schiller
404 1894 437 1928 p.
457 1880 604 1915 10-15.
654 1879 706 1914 Cf.
731 1878 945 1913 Audokides
974 1878 1191 1913 Uebersetzt
1216 1879 1288 1913 und
1315 1879 1376 1914 erl.
1403 1892 1431 1913 v.
1447 1882 1489 1914 A.
1504 1879 1548 1913 G.
1561 1878 1710 1913 Becker.

234 1931 425 1977 Quedlinb.
451 1951 483 1973 u.
511 1937 628 1984 Leipz.
655 1937 761 1972 183‘2.
785 1948 820 1982 p.
846 1935 1018 1970 83—108.
1044 1948 1076 1982 p.
1109 1936 1253 1970 13-18.
1304 1937 1341 1971 S.
1367 1940 1411 1971 A.
1436 1937 1569 1978 Naber,
1601 1936 1712 1970 Bata-

233 2010 309 2039 vus,
336 2008 443 2044 quum
471 2007 597 2030 omnes
625 1995 821 2034 orationes,
848 2005 925 2039 quae
952 1993 1152 2029 Andocidis
1179 1994 1350 2035 feruntur,
1388 1994 1589 2028 Andocidis
1628 2005 1712 2027 esse

233 2056 386 2103 negavit,
414 2062 487 2089 tum
515 2065 585 2087 orr.
608 2052 634 2086 1.
661 2059 697 2086 et
721 2051 763 2085 11.
790 2052 933 2098 spurias
961 2062 1045 2086 esse
1089 2051 1307 2098 argumentis
1338 2051 1576 2097 comprobare
1602 2061 1711 2084 cona-

232 2119 292 2148 tus
319 2118 387 2147 est.
435 2110 488 2145 Cf.
515 2109 817 2156 Mneuwsyu-,III
844 2108 979 2151 (1854),
1005 2121 1037 2155 p.
1064 2109 1108 2142 66
1135 2121 1215 2155 sqq.

326 2169 372 2203 78
421 2168 524 2202 Hanc
551 2169 749 2202 orationem
776 2178 843 2213 pro
871 2166 994 2212 spuria
1018 2165 1220 2200 habendam
1248 2175 1331 2199 esse
1350 2164 1624 2199 demonstrasse
1643 2164 1710 2198 sibi

228 2228 294 2261 visi
321 2232 407 2260 sunt
432 2224 573 2259 Lehner
597 2224 724 2258 Philol.
751 2223 832 2257 Cur.
858 2226 978 2268 (quem
1016 2224 1143 2257 librum
1181 2223 1357 2268 inspicere
1390 2222 1472 2256 mihi
1498 2234 1570 2256 non
1597 2222 1709 2263 licuit)

228 2290 265 2319 et
291 2282 463 2323 Schmitt,
501 2280 556 2315 De
595 2280 758 2314 oratione
784 2280 817 2313 in
850 2279 1062 2314 Novercam.
1095 2279 1220 2326 Progr.
1251 2278 1366 2313 Fulda
1393 2279 1495 2314 1853.
1520 2291 1554 2325 p.
1581 2279 1601 2312 5
1627 2290 1709 2325 sqq.

228 2342 304 2377 Sed
331 2340 375 2375 cf.
400 2340 573 2375 Maetzner
598 2338 644 2373 ad
672 2337 816 2383 Antiph.
842 2349 875 2383 p.
907 2338 970 2370 125
996 2349 1051 2383 sq.
1078 2336 1117 2370 P.
1144 2336 1187 2372 G.
1215 2336 1363 2378 Ottsen,
1405 2336 1460 2371 De
1499 2348 1616 2371 rerum
1654 2337 1708 2370 in-

227 2400 398 2435 ventione
436 2409 477 2432 ac
515 2396 768 2444 dispositione,
806 2406 884 2441 quae
916 2401 975 2429 est
1006 2396 1038 2429 in
1068 2394 1184 2441 Lysiae
1212 2400 1317 2440 atque
1344 2395 1576 2441 Antiphontis
1604 2400 1709 2429 oratt.

226 2458 355 2505 Progr.
381 2456 525 2492 Flensb.
552 2454 655 2491 1847.
681 2467 714 2501 p.
740 2453 843 2488 5-8,

322 2514 368 2549 79
418 2513 498 2555 Qua
523 2514 568 2548 de
596 2525 635 2548 re
666 2520 781 2553 reete,
820 2517 857 2545 ut
895 2510 1045 2551 videtur,
1085 2509 1244 2557 disputat
1281 2510 1453 2546 Maetzner
1485 2509 1530 2543 ad
1562 2508 1708 2554 Antiph.

254 2599 263 2607 .
289 2570 369 2606 282.

227 2584 252 2621 p
321 2630 368 2663 80
418 2627 472 2663 Cf.
497 2628 658 2662 Anaxim.
685 2627 764 2669 228,
791 2626 847 2661 25.
876 2624 955 2667 214,
983 2625 1026 2658 17
1052 2636 1132 2671 sqq,

321 2685 366 2720 81
417 2685 470 2720 Cf.
498 2687 612 2719 Anax.
639 2685 720 2725 214,
745 2684 798 2718 19.
826 2684 906 2725 228,
933 2682 988 2716 28.
1039 2683 1092 2716 Ita
1119 2690 1234 2717 autem
1263 2690 1300 2718 et
1326 2694 1411 2724 rem,
1436 2682 1481 2717 de
1508 2694 1577 2728 qua
1597 2682 1712 2717 dictu-
