1938 3153
1595 168 1650 211 29

521 286 579 337 ΙΙ,
612 301 648 341 y.
1274 286 1332 335 11,
1363 287 1400 329 δ’.

273 380 590 437 Προοίμιον.
622 380 645 435 ξ
681 381 712 422 l.
1027 378 1343 434 Προοίμιον.
1375 379 1398 433 ἓ
1435 379 1552 420 1-4.

71 455 189 504 stim.
215 452 241 490 Ι.
303 448 599 491 Calamitatem
646 464 746 491 reus
796 448 994 506 injurial
1057 445 1267 498 Quamvis
1292 454 1333 487 et
1354 445 1606 488 infelicitate
1629 460 1708 511 op·
1733 452 1849 499 sslyL

301 507 454 548 sceleri
488 523 569 548 suo
603 506 846 562 praetendit.
879 520 953 547 κα·
1053 518 1239 558 pressus
1273 511 1316 544 et
1344 504 1612 544 inimicorum
1644 504 1707 544 in-

300 563 490 618 κολογία.
523 565 661 606 Anax.
695 564 789 613 229,
816 564 854 606 9.
1054 560 1171 602 vidia
1218 560 1360 602 habeo
1409 569 1571 609 tamen,
1617 575 1706 616 quo

212 625 254 663 ΙΙ.
300 622 628 664 Interfectorem
697 637 793 663 eum
853 635 951 662 esse
1054 617 1708 674 confidam.vestrae‚judices‚

300 680 553 721 monstravi.
599 677 677 720 ἐπὶ
711 678 760 720 τὸ
792 679 953 735 προσὲ-
1055 677 1272 732 opinionis
1304 677 1540 717 severitate
1572 682 1616 716 et
1646 676 1708 715 in-

298 751 406 789 χειν.
1054 734 1255 789 tegritate.
1279 740 1322 776 et
1344 734 1448 775 meis
1471 733 1612 789 ipsius
1637 746 1709 774 ve-

212 797 270 834 Ill.
304 794 484 835 Frustra
508 808 604 834 eum
627 808 675 834 se
699 792 952 834 defendisse
1055 806 1102 832 re
1133 791 1273 832 factis.
1305 791 1328 846 ξ
1358 793 1390 832 l.
1421 790 1690 837 ἐλαττώσεις.

301 851 545 894 ostendam.
577 850 812 909 πρόθεσις.
968 850 1010 889 II.
1057 849 1231 891 Novum
1255 861 1360 889 sane
1383 848 1451 889 vel
1474 851 1624 904 potius
1646 848 1709 889 in-
1733 857 1796 893 α5,

1054 906 1232 948 fandum
1264 906 1306 947 in
1339 905 1517 947 modum
1543 905 1706 947 abillis

1054 978 1250 1005 accusor
1282 963 1345 1003 Illi
1369 964 1479 1004 enim
1503 978 1589 1004 non
1608 969 1708 1009 tam

1055 1021 1153 1076 quis
1176 1019 1459 1066 interfecerit,
1484 1026 1707 1076 quaerunt,

1055 1093 1196 1134 quam,
1214 1079 1248 1120 si
1263 1092 1328 1119 me
1341 1092 1587 1134 opprimere
1601 1091 1707 1146 pos-

1052 1137 1159 1179 sint.
1206 1142 1385 1177 tentant.
1423 1135 1516 1190 §2
1547 1133 1625 1176 ἐπὶ
1655 1133 1706 1175 τὸ

1052 1195 1300 1248 προσέχειν.
1333 1191 1581 1244 κακολογία.

965 1252 1022 1290 111.
1055 1250 1200 1292 Meum
1247 1265 1333 1291 non
1380 1258 1448 1290 est
1488 1262 1707 1304 quaerere.

1054 1307 1127 1362 qui
1149 1308 1268 1348 illum
1291 1305 1607 1354 interfecerint,
1625 1305 1707 1347 sed

1053 1372 1221 1406 tantum
1238 1371 1391 1406 contra
1410 1364 1706 1406 testimonium

1054 1423 1169 1463 servi
1204 1436 1283 1477 pro
1314 1436 1382 1462 me
1406 1421 1562 1462 dicere.
1594 1420 1707 1461 Illud

1052 1489 1195 1520 tamen
1228 1478 1475 1520 faciendum
1498 1477 1600 1519 mihi
1627 1484 1707 1527 est,

1052 1542 1100 1576 ut
1131 1544 1174 1576 et
1203 1536 1422 1576 insontem
1446 1549 1514 1575 me
1537 1549 1637 1576 esse
1660 1550 1706 1574 o-

1052 1592 1254 1634 stendam
1301 1599 1344 1633 et
1374 1591 1476 1633 illos
1508 1591 1612 1633 mihi
1643 1591 1708 1633 in-

1052 1650 1201 1691 sidiari
1223 1650 1416 1705 probem.
1439 1649 1516 1704 §3
1534 1651 1573 1691 4.
1595 1648 1707 1705 πρό-

1050 1708 1190 1754 θεσις.

233 1817 396 1856 εἰδότα
422 1823 587 1857 mendum
606 1823 716 1856 iate-re
735 1820 883 1855 videtur.
934 1820 972 1854 Si
998 1833 1064 1866 pro
1084 1823 1284 1855 ΕΙΔΟΤΛ
1308 1821 1437 1867 legitur
1460 1822 1704 1861 AEAIOTA,

233 1888 330 1913 recte
358 1882 474 1914 omnia
502 1892 542 1915 se
567 1880 709 1913 habent.
760 1877 814 1911 Cf.
841 1890 876 1917 α,
904 1877 925 1910 2
952 1874 1015 1911 διὰ
1038 1879 1109 1924 γὰρ
1134 1879 1176 1912 τὸ
1201 1878 1363 1924 μέγεθος
1386 1877 1451 1912 τοῦ
1476 1874 1643 1912 κινδύνου
1669 1877 1708 1911 ἐκ

230 1933 367 1969 πολλοῦ
407 1938 490 1979 τὴν
525 1933 785 1980 ἀσφάλειαν
815 1928 866 1967 ὦν
895 1932 1172 1979 ἐπιβουλεύουσι
1198 1934 1476 1970 σκοποῦντες
1502 1933 1543 1968 οὗ
1571 1933 1705 1982 πρότε-

232 2004 300 2038 ρον
341 1990 590 2039 ἐπιχειροῦσιν
629 1990 654 2035 ἢ
687 1988 837 2033 πάσης
882 1986 1089 2036 ὑποψίας
1127 1989 1360 2035 φυλακήν
1394 1990 1704 2035 ποιήσωνται.

232 2049 368 2083 Eadem
403 2062 478 2090 res,
511 2062 588 2097 quae
613 2052 650 2094 β,
679 2051 698 2082 5
731 2049 782 2082 sic
814 2048 1084 2094 pronunciatur:
1110 2045 1200 2082 ἀλλά
1235 2060 1338 2084 τινας
1362 2047 1585 2094 προςιόντας
1626 2062 1707 2095 φο-

231 2106 437 2151 βηθέντε
450 2117 484 2146 ς,
509 2120 530 2152 y
556 2107 610 2152 §2
628 2107 680 2139 his
709 2105 824 2138 verbis
849 2102 1070 2151 προςιόντας
1092 2106 1194 2140 τινὰς
1217 2103 1500 2151 προϊδόντες
1526 2106 1705 2152 significa-

231 2169 298 2197 tur.
352 2164 426 2198 Τὸν
450 2161 601 2198 δεδιότα
626 2164 788 2198 universe
826 2162 956 2197 dictum
996 2167 1053 2196 est
1089 2173 1154 2207 pro
1189 2160 1252 2206 ἐμὲ
1277 2163 1343 2196 τὸν
1368 2159 1521 2197 δεδιότα
1546 2175 1590 2198 ex
1616 2175 1704 2198 con-

231 2220 420 2254 suetudine
447 2221 697 2266 Antiphontis,
723 2221 780 2266 qui
808 2227 883 2260 aut,
909 2231 1016 2265 quum
1043 2219 1187 2253 definite
1212 2220 1433 2266 loquendum
1459 2221 1573 2262 fuerit,
1602 2222 1704 2256 inde-

230 2277 325 2311 finite
353 2277 487 2317 dicere,
514 2286 573 2311 aut
599 2278 641 2311 ab
668 2278 832 2311 universe
858 2285 893 2310 et
919 2276 1098 2310 indefinite
1132 2277 1235 2311 dictis
1275 2277 1318 2311 ad
1358 2284 1488 2311 certam
1519 2288 1555 2312 et
1581 2279 1704 2313 defini-

231 2340 304 2368 tam
332 2346 524 2379 personam
552 2336 658 2382 idque
685 2336 717 2369 ῐιι
744 2335 869 2369 eadem
897 2336 1147 2369 enunciatione
1179 2347 1381 2369 sermonem
1407 2336 1601 2371 transferre
1628 2337 1703 2371 aliis

233 2403 376 2438 quoque
403 2392 436 2425 in
464 2393 553 2427 locis
581 2394 766 2439 reperitur,
791 2400 828 2427 ut
854 2393 885 2427 h.
914 2401 1002 2428 orat.
1028 2392 1046 2437 ξ
1075 2392 1117 2426 13
1143 2394 1175 2426 εἰ
1202 2389 1241 2426 δὲ
1276 2390 1345 2425 ὑπὸ
1380 2392 1517 2433 ζῶντος
1554 2390 1705 2427 ἐδιωκό-

230 2460 316 2494 μην,
352 2445 414 2482 οὐκ
452 2447 497 2482 ἂν
530 2448 647 2493 μόνον
670 2447 761 2497 ὑπὲρ
801 2448 959 2494 ἐμαυτοῦ
984 2447 1250 2495 ἀπελογούμην,
1279 2446 1351 2481 ἀλλ’
1378 2446 1489 2482 αὐτόν
1511 2462 1551 2483 τε
1574 2449 1707 2484 τοῦτον

230 2509 292 2540 καὶ
316 2507 426 2541 τοὺς
450 2504 567 2550 τούτῳ
586 2506 655 2550 μὲν
678 2506 973 2551 βοηθοῦντας
995 2504 1081 2552 παρ’
1099 2504 1189 2550 ἐμοί’
1208 2503 1248 2539 δὲ
1267 2503 1499 2551 ὠφελεῖσθαι
1523 2507 1706 2552 ζητοῦν·

230 2574 313 2598 τας
338 2560 395 2608 ἐφ’
423 2559 477 2598 οἷς
501 2563 807 2609 κατηγορεῖτέ
828 2576 914 2607 μου,
942 2561 1120 2603 ἀπέδειξα
1145 2560 1189 2594 ἂν
1207 2559 1436 2598 ἀδικοῦντας.
1489 2565 1540 2598 Cf.
1568 2578 1617 2599 or.
1644 2565 1704 2606 111,

229 2632 262 2664 y,
292 2621 328 2654 1¹
358 2618 428 2654 ὑπὸ
460 2620 535 2654 τῶν
569 2617 830 2653 ἀπολυσόντων
867 2622 953 2656 τοὺς
992 2618 1173 2654 ἀνοσίους.
1223 2619 1287 2661 Vl,
1312 2620 1334 2654 9
1358 2619 1466 2655 τόνδε
1497 2623 1562 2655 τὸν
1585 2619 1706 2670 ἄνδρα

230 2688 274 2705 =
300 2674 378 2721 ἐμὲ.
430 2676 448 2722 §
478 2677 520 2711 17
547 2671 653 2711 οὗτος
675 2688 718 2704 =
742 2674 826 2722 ἐγώ.

325 2734 370 2768 90
419 2730 536 2770 ἄθλια
560 2733 628 2780 μὲν
653 2726 719 2769 οὖν
740 2731 871 2780 πάσχω
886 2735 937 2781 μὴ
955 2729 1225 2781 ἀπολογεῖσθαι
1237 2732 1353 2780 μόνον
1373 2732 1595 2783 βιαζόμενος
1615 2733 1704 2771 ἀλλὰ
