1938 3153
1555 185 1611 226 83

318 297 399 340 Hae
443 303 588 340 autem
622 298 904 340 transitiones
937 298 1097 353 quibus
1130 296 1248 352 apud
1281 297 1599 354 Antiphontem
1631 305 1674 340 et

199 364 473 409 Andocidem
506 366 806 423 exprimantur
836 364 1049 421 loquendi
1079 363 1245 413 formis,
1261 365 1499 407 videamus
1541 366 1673 408 Prius

195 433 308 477 illud
338 435 608 477 transitionis
639 449 778 491 genus
810 434 1024 490 triplicem
1050 432 1090 475 in
1110 432 1287 475 modum
1307 435 1451 476 verbis
1470 436 1672 476 enuncia-

199 510 270 546 tur
301 504 530 560 tribusque
563 502 769 558 loquendi
804 503 932 558 quasi
963 501 1162 544 formulis
1181 501 1580 558 comprehenditur.
1605 503 1671 544 Ac

198 572 385 629 primum
417 571 591 628 quidem
626 585 758 627 quum
792 570 976 612 vocibus
1014 568 1111 624 μὲν
1141 562 1234 612 οὖν
1263 570 1482 612 indicatur
1514 570 1670 612 παλιλ-

197 640 324 694 λογία
355 640 423 682 vel
456 638 651 696 ὁρισμός,
683 649 772 680 tum
807 654 914 680 voce
931 639 988 680 δέ
1018 639 1287 696 significatur
1302 638 1537 695 πρόθεσις.
1575 639 1668 680 Hac

199 708 425 751 locutione
471 708 526 750 ab
574 706 808 749 exordio
854 706 911 748 ad
945 706 1315 748 narrationem
1349 707 1560 749 transitus
1595 721 1670 763 pa-

194 784 318 819 ratur
349 792 415 833 ap.
449 775 627 831 Antiph.
659 775 697 823 Ι,
736 774 783 816 13
814 775 949 816 ταῦτα
977 773 1072 828 μὲν
1103 767 1194 816 οὖν
1223 777 1352 829 μέχρι
1373 774 1545 817 τούτου·
1563 774 1669 831 περὶ

197 844 252 888 δὲ
295 846 381 887 τῶν
412 846 654 898 γενομένων
684 840 956 899 πειράσομαι
985 840 1091 893 ὑμῖν
1121 842 1424 900 διηγήσασθαι
1454 843 1535 902 τὴν
1565 840 1669 901 ἀλή-

193 912 383 955 θειανῃ.
400 938 443 944 -
459 914 497 954 Α
514 909 800 966 βεβαιώσει
816 910 852 935 ⁸⁸
870 910 925 951 ad
947 910 1369 969 προκατάληψιν
1396 910 1572 966 Antiph.
1593 910 1667 954 IV.

192 984 233 1037 β,
280 982 306 1023 7
356 978 411 1028 ὡς
460 979 554 1034 μὲν
598 971 691 1020 οὖν
729 974 782 1019 οὗ
811 978 989 1026 δικαίως
1018 981 1342 1037 κατηγοροῦμαι
1373 979 1669 1021 ἐπιδέδεικταί

191 1064 281 1103 μοι·
298 1047 440 1091 ἐθέλω
473 1046 527 1089 δὲ
555 1045 657 1094 τούς
686 1042 1035 1103 κατηγοροῦντάς
1061 1062 1150 1101 μου
1179 1050 1319 1089 πᾶσιν
1349 1048 1437 1090 κτλ.
1456 1048 1518 1089 Id.
1538 1047 1590 1094 V,
1608 1047 1663 1089 64

191 1115 247 1165 ὥς
288 1115 383 1171 μὲν
433 1108 526 1158 οὗν
571 1112 651 1157 οὐκ
695 1111 827 1162 αὐτὸς
871 1112 1011 1163 αἴτιός
1040 1113 1131 1170 εἰμι
1169 1116 1248 1158 τοῦ
1277 1115 1532 1173 πράγματος
1562 1111 1664 1157 οὐδὲ

188 1184 352 1232 ἐκεῖνος
382 1181 688 1226 ἀποδέδεικται
728 1179 834 1224 καθ’
864 1178 971 1225 ὅσον
1000 1183 1084 1236 ἐγώ
1113 1184 1300 1238 δύναμαι
1329 1184 1532 1238 μάλιστα·
1564 1182 1664 1225 τού-

188 1267 247 1307 τῳ
298 1251 353 1294 δὲ
398 1253 585 1308 χρῶνται
631 1250 825 1305 πλείστῳ
856 1250 970 1306 λόγῳ
1008 1252 1096 1293 κτλ.
1130 1277 1182 1284 -
1217 1255 1253 1294 A
1286 1251 1571 1307 βεβαιώσει
1604 1249 1661 1292 ad

189 1319 433 1371 ἐξέτασιν
479 1318 658 1374 Antiph.
691 1317 774 1366 VI,
806 1319 861 1360 33
887 1317 1113 1372 ‘Hyofiuac
1143 1318 1238 1372 μὲν
1270 1312 1363 1361 οὖν
1394 1318 1468 1361 καὶ
1498 1318 1546 1360 ἐκ
1575 1319 1662 1360 τῶν

186 1386 429 1445 εἰρημένων
461 1384 535 1428 καὶ
581 1382 982 1439 ἀποδεδειγμένων,
1015 1380 1048 1428 ὦ
1079 1385 1251 1444 ἄνδρες,
1284 1388 1462 1435 δικαίως
1491 1385 1545 1429 ἄν
1574 1401 1662 1439 μου

187 1453 585 1513 ἀποψηφίσασθαι
616 1452 727 1507 ὑμᾶς
757 1453 830 1495 καὶ
854 1454 1128 1497 ἐπίστασθαι
1145 1451 1340 1502 ἅπαντας
1355 1451 1422 1497 ὅτι
1440 1452 1569 1497 οὐδέν
1583 1469 1662 1508 μοι

185 1523 406 1582 προσήκει
435 1524 513 1581 τῆς
542 1520 684 1570 αἰτίας
712 1520 883 1580 ταύτης
917 1524 987 1565 ἱνα
1017 1519 1057 1565 δ’
1069 1523 1135 1566 ἔτι
1165 1521 1238 1565 καὶ
1273 1521 1453 1578 ἄμεινον
1482 1523 1662 1581 μάθητε

187 1592 276 1634 κτλ.
301 1619 342 1625 -
367 1594 404 1634 A
435 1590 725 1647 βεβαιώσει
756 1590 813 1632 ad
858 1590 1115 1645 ἐπίλογον
1146 1592 1325 1648 Antiph.
1357 1592 1433 1639 IV,
1469 1593 1515 1644 δ,
1546 1592 1572 1634 9
1605 1589 1662 1639 εἱς

181 1659 279 1714 μὲν
310 1652 406 1702 οὖν
443 1656 590 1701 οὐδενὶ
620 1659 772 1711 ἔνοχος
800 1660 887 1701 τῶν
917 1663 1305 1717 κατηγορουμένων
1336 1659 1360 1702 ὁ
1391 1658 1661 1713 διωκόμενός

273 1773 319 1807 87
367 1775 437 1819 Ap.
463 1773 608 1818 Antipli.
635 1784 686 1807 or.
712 1772 747 1806 V
773 1774 894 1807 statim
920 1780 1008 1820 post
1033 1775 1207 1820 prooemii
1237 1773 1424 1819 πρόθεσιν
1449 1774 1483 1819 (ξ
1513 1772 1571 1815 19)
1598 1785 1657 1806 se-

181 1831 301 1878 quitur
324 1830 480 1865 narratio
506 1841 571 1875 per
596 1827 638 1864 δέ
662 1830 870 1876 particulam
897 1830 1053 1865 indicata
1089 1833 1113 1875 §
1137 1830 1183 1864 20
1206 1829 1276 1877 ἐγώ
1303 1828 1349 1865 δὲ
1371 1832 1436 1864 τὸν
1458 1830 1529 1874 μὲν
1546 1827 1661 1863 πλοῦν

179 1885 256 1922 κτλ.
304 1887 344 1921 In
369 1887 434 1927 VI,
465 1886 505 1920 10
531 1887 649 1921 brevis
676 1888 923 1933 recapitulatio
952 1889 1172 1935 προθέσεως
1198 1889 1435 1922 narrationem
1472 1888 1660 1933 praemunit

179 1940 344 1990 ἄρξομαι
379 1940 418 1977 δὲ
457 1942 639 1977 ἐντεῦθεν.
702 1943 870 1978 Similiter
896 1956 951 1991 ap.
978 1945 1119 1979 Andoc.
1144 1943 1177 1985 Ι,
1205 1946 1249 1977 10
1272 1942 1402 1978 ταῦθ’
1441 1941 1559 1988 ὑμᾶς
1592 1940 1659 1976 δι-

179 1996 314 2041 δάξω.
355 1993 422 2034 Ἦν
447 1998 516 2045 μὲν
539 2001 609 2047 γὰρ
641 1998 810 2045 ἐκκλησία
833 1999 908 2036 κτλ.
936 2003 1023 2046 (init.
1048 2004 1166 2048 narn).
1216 2001 1268 2037 Cf.
1294 2001 1338 2036 ib.
1356 2002 1381 2045 S
1407 2002 1452 2036 27
1479 2002 1571 2046 φέρε
1596 1996 1658 2043 δὴ,

178 2051 209 2091 ὦ
233 2054 378 2105 ἄνδρες,
404 2059 499 2102 μετὰ
522 2057 637 2091 ταῦτα
661 2059 699 2091 τί
722 2056 885 2105 ε’γένετος

270 2113 315 2149 88
364 2114 505 2150 Eodem
543 2115 715 2161 loquendi
753 2117 863 2151 modo
889 2116 985 2162 (μὲν
1008 2110 1086 2151 οὖν
1113 2138 1152 2143 -—
1182 2113 1245 2159 δέ)
1269 2116 1445 2156 sednon
1472 2114 1597 2149 eadem
1625 2115 1657 2148 vi

175 2176 212 2206 et
236 2172 495 2219 significatione
532 2172 650 2207 aditus
690 2173 734 2208 ad
771 2175 976 2220 βεβαίωσιν
1000 2174 1200 2220 patefactus
1240 2182 1296 2208 est
1330 2185 1384 2220 ap.
1420 2171 1658 2218 Antiph.111,

173 2231 212 2275 β,
237 2227 259 2263 3
284 2225 438 2263 ἐδόκουν
459 2229 544 2273 μὲν
568 2223 646 2263 οὖν
670 2229 780 2276 ἔγωγε
811 2230 927 2264 ταῦτα
949 2227 1139 2264 παιδεύων
1162 2232 1227 2264 τὸν
1254 2226 1334 2264 υἱὸν
1357 2229 1397 2271 ἐξ
1423 2225 1473 2264 ὧν
1496 2227 1657 2273 μάλιστα

173 2287 217 2320 τὸ
242 2287 368 2320 κοινὸν
393 2283 604 2332 ὠφελεῖται,
631 2284 775 2333 ἀμφοῖν
795 2299 832 2320 τι
858 2284 948 2332 ἡμῖν
971 2284 1115 2334 ἀγαθὸν
1141 2285 1424 2334 ἀποβήσεσθαι·
1452 2288 1658 2333 συμβέβηκε

178 2340 229 2378 δέ
251 2356 320 2388 μοι
342 2342 435 2378 πολὺ
459 2345 565 2390 παρὰ
588 2342 737 2389 γνώμην
761 2342 915 2379 τούτων.
966 2345 1017 2380 ld.
1043 2345 1103 2386 Ill,
1127 2358 1160 2391 y,
1186 2345 1207 2379 4
1232 2345 1285 2389 τῷ
1307 2345 1393 2389 μὲν
1422 2339 1499 2379 οὖν
1523 2341 1656 2387 δικαίῳ

174 2397 358 2434 πιοτείων
392 2397 568 2445 ὑπερορῶ
599 2399 666 2443 τῆς
704 2398 926 2447 ἀπολογίας·
967 2402 1013 2450 τῇ
1044 2400 1090 2436 δὲ
1126 2400 1347 2447 σκληρότητι
1380 2402 1446 2435 τοῦ
1478 2398 1665 2444 δαίμονος

174 2454 341 2492 ἀπιστῶν
353 2454 428 2491 κτλ.
454 2455 583 2498 1d.1V,
607 2459 644 2503 β,
672 2458 693 2491 2
719 2455 825 2502 οἶμαι
854 2458 939 2503 μὲν
964 2452 1040 2493 οὖν
1062 2478 1078 2487 ·
1097 2479 1113 2486 -
1142 2458 1223 2506 ἐρεῖ
1248 2457 1296 2494 δὲ
1320 2479 1336 2487 -
1359 2477 1394 2491 -.
1441 2456 1657 2491 Andoc.111.

174 2515 197 2549 2
221 2510 258 2549 εἶ
278 2514 361 2560 μὲν
383 2507 461 2548 οὖν
483 2510 896 2559 μηδεπώποτε--ὅπου
921 2513 968 2550 δὲ
992 2514 1165 2552 πολλάκις
1186 2536 1201 2544 ·
1224 2536 1259 2550 -.
1312 2516 1371 2552 Or.
1391 2516 1440 2550 IV
1460 2517 1508 2558 (in
1527 2515 1656 2557 Alcib.)

171 2573 197 2616 S
229 2572 271 2607 10
293 2574 383 2619 περὶ
412 2571 495 2617 μὲν
529 2565 607 2606 οὖν
630 2573 801 2617 μοιχείας
824 2592 840 2600 -
864 2592 881 2600 -
905 2572 930 2607 ἂ
956 2571 1002 2608 δὲ
1027 2577 1115 2621 περὶ
1145 2575 1212 2617 τήν
1236 2571 1346 2608 πόλιν
1371 2575 1562 2622 εἴργασται
1584 2592 1599 2600 -
1617 2592 1652 2606 -.

172 2628 214 2663 In
249 2628 304 2664 his
343 2630 435 2664 enim
474 2630 638 2664 omnibus
678 2641 787 2664 voces
824 2630 893 2675 μὲν
926 2625 989 2665 οὖν
1018 2644 1090 2666 non
1127 2629 1366 2677 παλιλλογίαν
1395 2632 1550 2666 indicant
1587 2630 1666 2666 sed⁸

175 2688 374 2733 argumenti
401 2693 538 2724 tantum
566 2688 882 2735 praemunitionem.
934 2688 987 2724 Cf.
1015 2695 1135 2725 annot.
1163 2689 1218 2724 9⁸2.
