1938 3153
332 194 382 236 10

263 315 371 351 sunt
417 306 619 350 omnibus
666 322 899 351 causarum
931 308 1130 365 partibus
1162 310 1407 352 communia
1437 309 1512 351 illa
1544 308 1741 367 quidem,

263 378 347 419 sed
380 377 595 418 maximus
628 392 777 419 eorum
809 392 919 419 usus
950 378 992 418 in
1025 377 1232 419 suasione
1264 384 1308 419 et
1338 377 1592 420 disuasione
1614 379 1740 421 est¹⁸.

263 445 393 487 Latet
425 459 605 501 quoque
637 446 879 501 argumenti
911 444 1075 500 aliquid
1108 445 1152 485 in
1183 445 1519 501 amplificatione
1552 454 1593 487 et
1619 454 1737 487 exte-

260 515 472 555 nuatione
504 509 720 569 (αὕξήσει,
750 511 1049 565 ταπεινώσει),
1081 525 1264 566 quarum
1296 527 1405 554 usus
1438 527 1571 568 quum
1603 514 1644 555 iu
1667 528 1735 555 ce-

259 581 367 624 teris
402 587 488 629 est,
518 586 610 622 tum
632 580 674 621 in
698 578 1026 622 laudationibus
1051 585 1093 620 et
1115 579 1510 633 vituperationibus
1533 580 1735 635 frequen-

256 649 514 693 tissimusw.
574 648 892 690 Probationum
924 656 1177 703 argumenta
1209 648 1409 703 (πίστεις)
1442 657 1517 690 aut
1547 664 1601 690 ex
1623 650 1732 705 ipsis

258 718 405 760 verbis
444 725 488 758 et
517 716 650 757 rebus
683 723 727 757 et
756 715 1008 757 hominibus
1040 723 1318 771 repetuntur,
1349 724 1426 757 aut
1455 716 1631 757 aliunde
1663 732 1733 758 ac-

255 787 491 842 quiruntur
538 784 604 835 (αἱ
630 780 892 826 θ’ἑπίθετοι
921 789 1013 831 τοῖς
1042 784 1292 837 λεγομένοις
1322 783 1395 826 καὶ
1424 789 1516 832 τοῖς
1544 799 1731 842 πραττο-

250 852 477 909 μένοις)20.
539 851 696 894 Priore
726 852 770 893 in
801 866 960 908 genere
993 857 1096 893 sunt
1126 852 1373 907 probabilia
1385 852 1419 877 ²¹
1453 851 1521 903 (τὰ
1545 851 1729 905 εἰκότα),

255 922 504 979 exempla²²
536 921 920 977 (παραδείγματα),
953 935 1008 961 ex
1039 921 1258 961 contrario
1281 920 1602 962 ratiocinatio2³
1619 925 1728 973 (vam

248 990 450 1049 μήριον),
483 1004 537 1031 ex
559 989 907 1045 repugnant-ibus
930 988 999 1028 vel
1021 989 1339 1043 argumentatio
1366 989 1432 1029 vel
1454 989 1724 1030 sententiosa

252 1059 483 1101 conclusio
495 1058 533 1083 ²⁴
561 1056 854 1114 (ἐνθύμημα),
878 1056 1092 1097 sententia
1104 1056 1139 1081 ²⁵
1162 1055 1363 1114 (γ’ὺώμη),
1393 1056 1609 1111 signu1n²⁶
1629 1065 1726 1115 (ση-

246 1132 413 1182 μεῖον),
461 1124 645 1167 evidens
685 1123 938 1179 probatio²⁷
971 1123 1185 1176 (ἔλεγχος).
1248 1124 1519 1166 Posterioris
1551 1126 1723 1181 generis

249 1202 354 1238 sunt
387 1193 535 1250 opinio
569 1191 801 1233 dicentis²⁸
834 1189 876 1248 (ἦ
908 1189 1013 1240 δόξα
1034 1192 1114 1232 τοῦ
1132 1191 1369 1244 λέγοντος),
1394 1202 1530 1235 testes
1542 1192 1578 1218 ²⁹
1599 1200 1723 1250 (μαρ-

246 1265 415 1320 τυρία),
439 1261 628 1317 quaestio
639 1260 677 1285 ³⁰
698 1258 940 1314 (βάσανοι),
957 1259 1313 1314 jusjurandum³¹
1339 1255 1510 1316 (ὅρκος).
1542 1262 1723 1309 Πίστεις

343 1377 386 1410 18
439 1375 600 1410 Anaxim.
625 1386 657 1420 p.
689 1373 764 1414 186,
795 1373 936 1408 14-16.
965 1373 1043 1414 189,
1068 1372 1219 1409 30-32.
1249 1374 1324 1415 191,
1349 1375 1497 1410 25-29.

343 1433 386 1467 19
436 1434 553 1467 Anax.
585 1430 659 1471 187,
686 1431 706 1464 3
733 1442 813 1477 sqq.
845 1430 923 1472 191,
949 1430 1097 1464 29-31.

339 1492 385 1525 20
433 1491 550 1524 AnaX.
579 1488 726 1528 192,14
752 1499 806 1534 sq.

336 1547 377 1581 21
432 1545 679 1581 Credibilia
716 1542 860 1585 Quintil.
898 1543 923 1577 I.
963 1544 1004 1578 O
1031 1544 1076 1584 V,
1102 1545 1134 1584 9,
1162 1545 1215 1578 16.
1276 1544 1315 1578 In
1355 1546 1483 1590 quibus
1522 1547 1586 1580 tria
1613 1556 1716 1590 sunt,

242 1603 422 1644 πάθος,
450 1603 582 1643 ἔθος,
607 1598 790 1647 κέρδος.
820 1601 980 1635 Anaxim.
993 1613 1024 1635 c.
1047 1602 1075 1634 7.
1101 1614 1135 1648 p.
1164 1601 1241 1642 192,
1266 1600 1310 1635 23
1337 1614 1416 1648 sqq.
1467 1602 1517 1637 (f.
1544 1603 1714 1652 Spengel.

240 1661 481 1696 commentar.
505 1671 539 1705 p.
568 1659 643 1693 154.
668 1659 763 1692 Arm
789 1657 935 1704 Scriptt.
962 1670 995 1704 p
1023 1659 1078 1691 31.
1104 1659 1256 1692 Usener.
1282 1671 1314 1704 p.
1342 1660 1386 1691 3ss
1413 1672 1467 1706 sq.

333 1718 379 1753 22
430 1720 543 1753 Anax·
569 1729 598 1751 c.
624 1715 656 1752 8.
682 1714 819 1750 Horum
846 1714 917 1749 duo
944 1726 1077 1762 genera
1102 1722 1198 1758 sunt,
1222 1716 1277 1749 τὰ
1300 1715 1384 1760 μὲν
1415 1719 1530 1751 κατὰ
1564 1715 1711 1765 λόγον,

237 1777 293 1810 τὰ
315 1773 363 1810 δὲ
388 1775 516 1821 παρὰ
540 1772 688 1820 λόγον.

334 1832 379 1866 23
429 1833 544 1866 Anax.
570 1843 597 1865 c.
623 1831 654 1863 9.
689 1829 739 1864 Cf,
765 1829 919 1863 Ernesti.
947 1828 1031 1862 Lex.
1058 1840 1088 1863 s.
1111 1842 1142 1864 v.
1178 1829 1346 1876 Spengel.
1381 1829 1425 1863 ad
1460 1831 1577 1865 Annx.
1603 1831 1709 1866 Com-

237 1896 345 1925 ment.
371 1902 404 1936 p.
434 1889 497 1923 161
525 1900 580 1935 sq.
606 1887 725 1930 Quint.
749 1887 774 1921 1.
801 1886 844 1921 O.
870 1886 916 1928 V,
942 1887 974 1927 9,
1004 1886 1032 1920 l.
1057 1886 1209 1932 Kayser.
1235 1887 1280 1921 ad
1307 1887 1440 1921 Cornif.
1466 1900 1499 1934 p.
1526 1889 1603 1922 291.

334 1948 378 1981 24
427 1946 591 1981 Cornific.
617 1945 663 1978 ad
690 1944 843 1979 Herenn.
869 1957 903 1990 p.
929 1942 1006 1979 291.
1033 1943 1176 1990 Duplex
1208 1945 1281 1979 llaec
1315 1945 1507 1990 appellatio
1534 1946 1636 1980 simul
1663 1958 1709 1981 ex

235 2006 316 2051 ipsa
354 2002 585 2038 Anaximenis
624 2002 829 2036 definitione
854 2013 883 2035 c.
911 2001 953 2034 10
979 2002 1050 2035 init.
1077 2007 1111 2035 et
1136 2013 1182 2035 ex
1207 2001 1266 2042 iis,
1293 2013 1370 2047 quae
1396 2002 1528 2047 pluries
1557 2004 1590 2037 in
1616 2004 1707 2038 libro

236 2062 281 2097 de
308 2062 571 2108 enthymemate
597 2058 772 2099 dicuntur,
797 2058 960 2093 efficitur.
1007 2058 1060 2093 Cf.
1087 2071 1121 2105 p.
1148 2059 1272 2100 221,8.
1291 2058 1344 2093 23.
1371 2059 1450 2099 231,
1477 2060 1530 2092 21.
1555 2059 1635 2101 234,
1658 2062 1708 2095 ll.

233 2119 290 2154 Ex
303 2118 586 2166 repugnantibus
602 2117 826 2151 sententiosa
840 2116 1025 2150 conclusio
1053 2116 1097 2149 ab
1123 2116 1342 2150 Anaximene
1369 2116 1578 2162 plerumque
1604 2116 1710 2151 ἐνθυ-

235 2173 467 2222 μηματώδης
489 2172 635 2218 τελευτή
665 2180 815 2209 vocatur
838 2173 883 2208 cf.
920 2174 1036 2208 Anax.
1061 2172 1140 2214 221,
1166 2172 1198 2207 8.
1224 2173 1266 2207 al.
1302 2171 1471 2220 Spengel.
1509 2172 1707 2210 Comment.

261 2259 269 2267 .
295 2235 374 2269 162.

233 2247 256 2281 P
326 2291 371 2324 25
419 2290 536 2323 Anax.
561 2300 592 2322 c.
615 2287 671 2322 11.

326 2347 370 2381 26
418 2347 537 2381 Anax·
561 2357 592 2380 c.
616 2345 671 2379 12.
698 2343 751 2378 Cf.
774 2343 927 2390 Kayser.
953 2343 999 2378 ad
1025 2343 1156 2379 Cornif.
1182 2356 1215 2390 p.
1240 2343 1309 2378 240
1339 2356 1393 2391 sq.

323 2407 368 2439 27
417 2404 534 2438 Anax.
560 2415 589 2436 c.
615 2401 672 2436 13.
697 2401 749 2437 Cf.
776 2400 921 2444 Quintil.
945 2401 971 2436 Ι.
999 2401 1041 2435 Ο.
1068 2400 1114 2442 V,
1142 2401 1197 2442 10,
1225 2403 1254 2434 7.

323 2461 368 2496 28
416 2461 610 2507 Perperam
636 2459 792 2494 Usener.
816 2472 850 2505 p.
870 2459 914 2493 38
939 2459 1091 2493 ”bonam
1119 2459 1439 2493 existimationeffl
1464 2459 1561 2495 dixit..
1586 2461 1701 2496 Anax.

226 2532 255 2555 c.
288 2520 338 2560 l-l,
370 2531 406 2565 p.
434 2518 512 2559 20],
546 2516 589 2551 12
623 2529 676 2564 sq.
708 2517 752 2551 τὸ
793 2517 862 2560 τήν
900 2512 1010 2550 αὑτοῦ
1048 2512 1218 2549 διάνοιαν
1247 2514 1464 2561 ἐμφανίζειν
1498 2518 1591 2550 κατὰ
1629 2516 1705 2550 τῶν

223 2575 469 2625 πραγμάτων.

320 2634 366 2667 29
414 2635 533 2667 Anax.
559 2643 586 2665 c.
614 2632 671 2664 15.

320 2692 366 2727 30
413 2694 531 2726 Anax.
557 2701 586 2723 c.
615 2689 669 2723 16.

320 2750 362 2784 31
413 2750 529 2785 Anax.
556 2759 585 2785 c.
615 2747 666 2780 17.
