1938 3153
300 201 363 242 ‘68
403 258 405 260 q

305 317 342 359 2.
375 315 637 368 παλιλλογία
670 330 842 366 eorum,
875 331 973 372 quae
1006 317 1047 359 in
1078 322 1100 370 ς
1136 317 1302 360 11-24
1335 324 1449 361 sunt.
1509 318 1723 367 Testium,

334 386 370 425 si
423 384 522 439 quis
575 384 756 433 habeat,
809 385 930 440 quod
983 398 1164 440 arguere
1219 386 1344 434 velit,
1395 388 1668 441 provocatio.
1700 387 1725 443 ἕ

331 452 515 495 25—26.

300 519 618 573 ἀπαγγελία.
641 546 691 552 -

329 589 394 630 De
425 587 683 629 indiciorum
716 588 927 642 praemiis,
960 602 1059 643 quae
1092 587 1432 631 Andromachus
1465 595 1508 632 et
1541 588 1718 633 Teucer

326 659 601 709 aeceperunt.
631 656 861 710 μαρτυρία.
896 656 922 711 5
954 655 1140 697 27-26,

296 721 652 773 δικαιολογία.
687 721 748 764 Cf.
781 724 922 765 Anax.
955 723 1050 772 231,
1082 722 1150 764 23.

322 790 586 841 παλιλλογία
619 804 791 837 eorum,
824 805 924 846 quae
955 791 998 831 in
1029 790 1055 846 §
1092 790 1257 832 10—28
1288 798 1402 832 sunt.
1434 791 1458 846 ἓ
1489 791 1556 834 29.

322 858 518 915 αὔξησις.
548 859 828 906 ταπείνωσις.
860 858 885 914 §
919 857 1140 900 29⁵⁸-33.

231 927 284 968 ΙΙ.
317 926 385 967 De
417 925 591 966 Hermis
624 925 808 981 dejectis
831 926 866 950 ⁵⁹
898 925 923 980 §
955 925 1136 966 34—69.

326 1050 370 1082 58
421 1049 439 1093 ὃ
468 1049 512 1082 29
536 1052 597 1081 καὶ
623 1051 693 1094 γὰρ
735 1046 785 1082 οι“
806 1047 940 1094 λόγοι
970 1049 1046 1082 τῶν
1068 1048 1288 1094 κατηγόρων
1309 1048 1424 1082 ταῦτα
1446 1051 1494 1083 τὰ
1521 1048 1623 1084 δεινὰ
1648 1054 1711 1085 καὶ

230 1103 401 1154 φρικώδη
428 1103 681 1151 ἀνωρθίαζον,
721 1107 782 1138 καὶ
818 1102 948 1150 λόγους
980 1101 1088 1138 εἷπον
1112 1102 1161 1141 ὡς
1194 1102 1383 1151 πρότερον
1416 1104 1554 1152 ἑτέρων
1588 1103 1709 1154 ἀμαρ-

225 1162 366 1196 τόντων
388 1166 450 1195 καὶ
476 1160 738 1207 ἀσεβησάντων
769 1165 858 1208 περὶ
893 1163 945 1195 τα)
970 1162 1049 1195 θεώ
1084 1158 1146 1195 οἷα
1178 1160 1329 1197 ἕκαστος
1353 1159 1473 1195 αὐτῶν
1498 1161 1619 1196 ἔπαθε
1642 1166 1706 1197 καὶ

226 1217 461 1264 ἐτιμωρήθη.
511 1216 622 1252 Varie.
649 1218 741 1252 hunc
769 1218 887 1253 locum
914 1223 1098 1253 tentarunt
1133 1218 1194 1252 viri
1226 1217 1333 1252 docti.
1395 1216 1512 1260 Quum
1539 1218 1606 1252 alia
1632 1224 1706 1253 tum

226 1290 278 1311 vv.
304 1273 345 1311 οἱ
364 1274 467 1321 λόγοι
493 1276 717 1310 emendanda
743 1277 819 1310 visa
845 1283 939 1311 sunt.
1001 1275 1108 1317 Quod
1148 1276 1178 1310 si
1204 1287 1245 1310 ea
1271 1277 1484 1317 retinemus,
1523 1287 1600 1323 quae
1625 1276 1705 1311 libri

224 1332 324 1367 MSS
351 1333 524 1379 praebent,
550 1332 624 1367 haee
650 1333 725 1366 fere
749 1333 854 1379 hujus
881 1334 950 1366 loci
976 1334 1222 1378 interpretatio
1250 1339 1323 1367 est:
1361 1334 1489 1366 etenim
1520 1333 1704 1367 orationes

222 1392 445 1432 (sermones)
470 1397 720 1423 accusatorum
747 1401 906 1423 meorum
933 1389 1007 1423 dira
1034 1390 1093 1423 illa
1118 1397 1153 1424 et
1178 1390 1357 1424 horrenda
1375 1390 1581 1435 crepabant,
1602 1388 1702 1423 dixe-

222 1453 376 1493 runtque
403 1447 490 1492 ipsi,
517 1457 562 1480 ex
589 1447 734 1486 ceteris,
761 1447 820 1491 qui
847 1446 1089 1492 delinquendo
1115 1447 1219 1492 impie
1245 1447 1279 1480 in
1305 1447 1393 1480 deas
1420 1457 1459 1480 se
1485 1446 1703 1493 gessissent,

223 1514 293 1550 qua
319 1504 470 1549 quisque
508 1503 663 1537 vindicta
701 1509 736 1537 et
774 1502 951 1548 supplicio
991 1504 1226 1538 coerceretur.
1289 1502 1397 1545 Quod
1434 1503 1587 1538 Schiller
1610 1503 1703 1537 inter

220 1559 301 1594 θεώ
334 1567 370 1594 et
401 1556 463 1593 οἷα
496 1560 666 1606 virgulam
705 1561 845 1606 posuit,
884 1559 1151 1595 inconsiderate
1188 1560 1279 1595 fecit.
1341 1560 1465 1595 Voces
1502 1558 1551 1596 ὥς
1577 1565 1612 1595 et
1637 1556 1701 1594 οἷα

220 1622 319 1652 arete
343 1617 435 1651 inter
459 1629 500 1651 se
526 1618 719 1652 cohaerent:
747 1615 796 1653 ὡς
820 1618 1109 1663 interrogativum
1137 1618 1203 1651 vim
1229 1617 1350 1658 habet,
1375 1629 1453 1664 quae
1471 1618 1522 1651 vis
1549 1618 1583 1652 in
1608 1627 1699 1651 voce

220 1670 282 1708 οἷα
306 1674 499 1708 resumitur
534 1674 761 1721 quadamque
798 1675 1068 1721 significationis
1106 1675 1302 1709 mutatione
1339 1680 1568 1721 temperatur.
1618 1672 1699 1715 Qua

220 1730 265 1765 de
303 1743 341 1765 re
379 1731 421 1765 cf.
461 1731 681 1778 Krueg2Gr.
709 1731 760 1765 Gr
796 1732 827 1772 1,
855 1733 910 1773 51,
937 1732 992 1772 14,
1019 1734 1051 1766 4.
1113 1732 1166 1767 Ut
1203 1733 1348 1767 verbum
1386 1730 1626 1778 ἀνωρθίαζον
1650 1730 1696 1766 de

217 1788 298 1823 τοῖς
321 1786 443 1833 λόγοις
474 1794 678 1834 usurpatur,
716 1789 763 1822 ita
801 1787 909 1823 εἷπον
934 1788 979 1824 de
1015 1790 1095 1824 τοῖς
1119 1787 1354 1836 κατηγόροις,
1382 1788 1428 1823 de
1465 1800 1536 1834 qua
1572 1787 1694 1833 subJe-

218 1850 355 1881 ctorum
383 1844 595 1890 trajectione
629 1845 669 1879 cf.
706 1845 723 1891 ξ
758 1846 822 1881 147
847 1845 887 1879 ο“ι“
913 1866 929 1873 -
950 1866 966 1874 -
989 1843 1162 1891 χρήματα
1202 1844 1492 1892 διαχειρίσαντες
1527 1846 1574 1879 τὰ
1612 1841 1700 1888 ὑμέ-

215 1914 306 1947 τερα
332 1898 440 1936 οὖδέν
463 1901 509 1936 ἂν
532 1902 686 1937 πώποτε
714 1898 885 1948 ὦφλον,
915 1900 991 1937 οὐδ’
1018 1900 1286 1949 ἁμάρτηται
1325 1900 1463 1937 οἰδὲν
1500 1898 1582 1936 οὔτε
1606 1899 1698 1946 ἡμῖν

216 1959 269 1992 εἰς
297 1955 390 2002 ὑμᾶς
419 1955 501 1993 οὔτε
526 1957 613 2003 ὑμῖν
638 1955 690 1995 εἷς
713 1958 824 2003 ἡμᾶς.
876 1960 936 2000 ΙΙΙ,
962 1960 983 1993 6
1010 1980 1023 1986 -
1052 1980 1067 1986 -
1095 1957 1461 2004 ἐπεθυμήσαμεν
1489 1956 1601 1993 πάλιν
1627 1957 1695 2002 τῆς

216 2009 377 2060 εἶρήνης,
402 2018 463 2048 καὶ
494 2013 739 2064 ᾑρέθησαν
771 2014 859 2050 δέκα
891 2013 1059 2063 ἄνδρες
1082 2014 1158 2049 κτλ.
1200 2016 1221 2050 l.
1246 2016 1266 2050 l.
1295 2016 1339 2050 34
1365 2011 1514 2062 εἰρήνης
1540 2011 1580 2049 δὲ
1604 2016 1695 2062 πέρι

212 2070 486 2116 πρεσβεύοντας
510 2073 628 2118 (subj.)
655 2093 669 2099 -
697 2094 710 2100 -
736 2073 852 2107 ταῦτα
876 2070 916 2108 δὲ
942 2070 1025 2107 οὔτε
1053 2070 1186 2107 λαθεῖν
1218 2070 1302 2107 οὔτε
1334 2070 1565 2116 ἐξαπατῆσαι
1599 2068 1691 2111 δεῖν,

212 2124 302 2160 ἀλλὰ
324 2126 418 2162 πολὺ
440 2127 581 2173 μᾶλλον
597 2128 763 2164 ἐπαινεῖν
788 2128 815 2173 ἢ
838 2131 967 2177 ψέγειν
990 2130 1112 2171 (intell.
1129 2126 1278 2173 ὑμᾶς-τ
1293 2127 1408 2173 subj.).
1435 2128 1486 2162 Cf.
1504 2127 1694 2164 Foertsch.

212 2183 384 2219 Observv.
403 2185 486 2221 Crit.
504 2188 538 2221 in
558 2187 644 2234 Lys.
664 2199 713 2224 or.
732 2200 765 2235 p.
784 2187 829 2223 47
848 2200 900 2235 sq.
926 2194 963 2222 et
989 2187 1158 2222 Maetzner
1184 2186 1228 2221 ad
1254 2185 1400 2232 Antiph.
1426 2185 1453 2226 Ι,
1480 2185 1533 2219 26.
1552 2196 1585 2231 p.
1616 2185 1691 2219 145.

208 2244 265 2276 Ae
292 2254 336 2276 ne
363 2254 467 2289 quern
496 2244 657 2278 offendat
681 2247 847 2290 repetitio
875 2247 974 2280 vocis
1002 2245 1166 2291 ejusdem
1192 2240 1321 2290 (λόγοι,
1348 2240 1504 2289 λόγους),
1535 2242 1578 2277 cf.
1601 2242 1626 2285 δ
1646 2242 1688 2276 71

208 2295 314 2332 εἶπεν
331 2318 347 2326 -
371 2318 387 2326 -
414 2297 529 2332 εἶπεν.
579 2301 603 2343 5
631 2300 673 2333 75
705 2299 926 2346 προςτοὶξεις
959 2320 976 2328 -
1006 2321 1022 2329 -
1055 2298 1271 2348 πρόσταξις.
1327 2300 1352 2342 5
1378 2299 1424 2332 97
1449 2296 1687 2344 ἀποδόμενος

207 2351 410 2389 ἀποδώσω.
458 2357 483 2398 ἕ
511 2357 577 2392 107
601 2355 747 2403 γνόντες
770 2376 786 2384 -
809 2376 825 2384 -
850 2355 1022 2402 ἔγνωσαν.
1063 2356 1108 2390 ib.
1132 2354 1385 2402 προτάξαντες
1409 2376 1425 2385 ·
1447 2375 1464 2383 -
1494 2353 1688 2397 ἀντιτάξαι·

206 2412 310 2445 σθαι.
357 2414 381 2455 5
409 2412 477 2446 127
503 2410 663 2460 εἰσάγειν
683 2434 700 2441 -
722 2433 737 2440 -
763 2408 934 2457 εἰσάγειν.
985 2412 1028 2453 11,
1055 2413 1079 2454 5
1107 2413 1152 2446 10
1175 2414 1280 2458 γνοὺς
1297 2432 1313 2441 -
1329 2432 1346 2441 -
1366 2412 1505 2459 ἔγνων-
1522 2432 1537 2440 ·
1560 2411 1685 2458 ἔγνων.

202 2467 252 2502 111
278 2469 301 2511 5
329 2468 374 2502 12
399 2468 494 2512 ἔχειν
514 2471 600 2506 τοὺς
625 2469 787 2513 ἔχοντας.
837 2471 862 2513 5
889 2467 933 2501 13
959 2465 1160 2514 ἀρχόμενοι
1184 2488 1200 2497 -
1222 2488 1238 2497 -
1260 2462 1387 2516 ἦρχον,
1409 2470 1453 2504 al.
1489 2468 1543 2504 cf.
1561 2476 1685 2503 annot.

209 2526 259 2560 15.
286 2525 330 2560 ad
358 2527 509 2573 Antiph.
529 2528 574 2568 V,
601 2528 631 2560 8.

296 2584 342 2616 59
392 2583 410 2628 ξ
439 2585 484 2619 34
509 2583 762 2631 περικόπτειν,
791 2584 820 2617 si
850 2582 895 2617 de
933 2582 1074 2616 Hermis
1112 2589 1315 2630 usurpatur,
1355 2583 1471 2617 Latini
1508 2583 1683 2628 interpre-

200 2646 322 2675 tantur
348 2640 561 2686 dejicere.
612 2643 662 2675 (Ὺ.
692 2641 796 2675 Corn.
822 2639 1010 2686 Nep.N'11
1036 2640 1198 2684 (Aieib.),
1226 2642 1258 2682 3,
1284 2640 1315 2674 2.
1342 2640 1519 2675 Goerenz.
1546 2638 1592 2673 ad
1609 2638 1683 2673 cic.

200 2697 244 2733 de
272 2696 380 2745 Legg.
407 2698 456 2739 11,
484 2697 538 2739 2³6,
565 2698 618 2732 64.
646 2712 677 2746 p.
706 2693 793 2733 ‘204¹’
819 2707 855 2733 et
880 2697 1111 2744 Feidhuegei.
1150 2699 1195 2733 ad
1227 2699 1248 2733 l.
1272 2699 1294 2732 1.
1319 2710 1356 2744 p.
1381 2696 1451 2732 244
1477 2708 1532 2743 sq.
1593 2695 1680 2732 Non

1914 1198 1934 1297 ‘ae—-Qv—

1926 1407 1938 1501 05⁴,
