<?xml version="1.0" encoding="UTF-8"?>
<!DOCTYPE html PUBLIC "-//W3C//DTD XHTML 1.0 Transitional//EN"
    "http://www.w3.org/TR/xhtml1/DTD/xhtml1-transitional.dtd">
<html xmlns="http://www.w3.org/1999/xhtml" xml:lang="en" lang="en">
 <head>
  <title>
</title>
<meta http-equiv="Content-Type" content="text/html;charset=utf-8" />
  <meta name='ocr-system' content='tesseract 3.04.00' />
  <meta name='ocr-capabilities' content='ocr_page ocr_carea ocr_par ocr_line ocrx_word'/>
</head>
<body>
  <div class='ocr_page' id='page_1' title='image "./4626091_0033.png"; bbox 0 0 1938 3153; ppageno 0'>
   <div class='ocr_carea' id='block_1_1' title="bbox 1564 159 1616 202">
    <p class='ocr_par' dir='ltr' id='par_1_1' title="bbox 1564 159 1616 202">
     <span class='ocr_line' id='line_1_1' title="bbox 1564 159 1616 202; baseline -0.019 0"><span class='ocrx_word' id='word_1_1' title='bbox 1564 159 1616 202; x_wconf 87' lang='lat'><strong>21</strong></span> 
     </span>
    </p>
   </div>
   <div class='ocr_carea' id='block_1_2' title="bbox 203 272 1689 2379">
    <p class='ocr_par' dir='ltr' id='par_1_2' title="bbox 203 272 1685 1489">
     <span class='ocr_line' id='line_1_2' title="bbox 203 272 1681 331; baseline -0.004 -11"><span class='ocrx_word' id='word_1_2' title='bbox 203 283 369 326; x_wconf 89' lang='lat' dir='ltr'><strong>autem,</strong></span> <span class='ocrx_word' id='word_1_3' title='bbox 392 276 465 331; x_wconf 92' lang='lat' dir='ltr'><strong>qui</strong></span> <span class='ocrx_word' id='word_1_4' title='bbox 489 275 666 318; x_wconf 89' lang='lat' dir='ltr'><strong>definite</strong></span> <span class='ocrx_word' id='word_1_5' title='bbox 686 282 763 318; x_wconf 93' lang='lat' dir='ltr'><strong>aut</strong></span> <span class='ocrx_word' id='word_1_6' title='bbox 783 275 949 318; x_wconf 79' lang='lat' dir='ltr'><strong>diserte</strong></span> <span class='ocrx_word' id='word_1_7' title='bbox 970 275 1142 325; x_wconf 82' lang='lat' dir='ltr'><strong>dicitur,</strong></span> <span class='ocrx_word' id='word_1_8' title='bbox 1164 290 1252 317; x_wconf 92' lang='lat' dir='ltr'><strong>non</strong></span> <span class='ocrx_word' id='word_1_9' title='bbox 1274 275 1447 323; x_wconf 84' lang='lat' dir='ltr'><strong>docuit,</strong></span> <span class='ocrx_word' id='word_1_10' title='bbox 1469 272 1551 316; x_wconf 86' lang='lat' dir='ltr'><strong>sed</strong></span> <span class='ocrx_word' id='word_1_11' title='bbox 1574 278 1681 328; x_wconf 85' lang='lat' dir='ltr'><strong>post</strong></span> 
     </span>
     <span class='ocr_line' id='line_1_3' title="bbox 204 341 1681 403; baseline -0.001 -16"><span class='ocrx_word' id='word_1_12' title='bbox 204 342 550 403; x_wconf 82' lang='grc' dir='ltr'><em>προκατάληψιν</em></span> <span class='ocrx_word' id='word_1_13' title='bbox 580 344 706 400; x_wconf 88' lang='lat' dir='ltr'><strong>sequi</strong></span> <span class='ocrx_word' id='word_1_14' title='bbox 738 343 850 387; x_wconf 83' lang='lat' dir='ltr'><strong>dixit</strong></span> <span class='ocrx_word' id='word_1_15' title='bbox 878 342 1239 398; x_wconf 79' lang='grc' dir='ltr'><em>παλιλλογίαν</em></span> <span class='ocrx_word' id='word_1_16' title='bbox 1275 343 1370 386; x_wconf 84' lang='lat' dir='ltr'><strong>sive</strong></span> <span class='ocrx_word' id='word_1_17' title='bbox 1410 341 1681 397; x_wconf 81' lang='grc' dir='ltr'><em>σύντομον</em></span> 
     </span>
     <span class='ocr_line' id='line_1_4' title="bbox 205 410 1681 470; baseline -0.001 -15"><span class='ocrx_word' id='word_1_18' title='bbox 205 411 508 470; x_wconf 74' lang='grc' dir='ltr'><em>ἀνάμνησιν</em></span> <span class='ocrx_word' id='word_1_19' title='bbox 547 421 590 455; x_wconf 86' lang='lat' dir='ltr'><strong>et</strong></span> <span class='ocrx_word' id='word_1_20' title='bbox 632 413 819 467; x_wconf 83' lang='grc' dir='ltr'><em>φιλίαν</em></span> <span class='ocrx_word' id='word_1_21' title='bbox 857 412 932 455; x_wconf 83' lang='grc' dir='ltr'><strong>καὶ</strong></span> <span class='ocrx_word' id='word_1_22' title='bbox 960 411 1119 469; x_wconf 83' lang='grc' dir='ltr'><em>χάριν</em></span> <span class='ocrx_word' id='word_1_23' title='bbox 1148 411 1223 454; x_wconf 83' lang='grc' dir='ltr'><strong>καὶ</strong></span> <span class='ocrx_word' id='word_1_24' title='bbox 1252 412 1407 454; x_wconf 79' lang='grc' dir='ltr'><em>ἔλεον</em></span> <span class='ocrx_word' id='word_1_25' title='bbox 1436 419 1512 454; x_wconf 85' lang='lat' dir='ltr'><strong>aut</strong></span> <span class='ocrx_word' id='word_1_26' title='bbox 1543 410 1681 466; x_wconf 70' lang='grc' dir='ltr'><strong>φθό-</strong></span> 
     </span>
     <span class='ocr_line' id='line_1_5' title="bbox 205 478 1680 539; baseline -0.001 -16"><span class='ocrx_word' id='word_1_27' title='bbox 205 495 297 523; x_wconf 89' lang='grc' dir='ltr'><strong>νον</strong></span> <span class='ocrx_word' id='word_1_28' title='bbox 326 480 400 524; x_wconf 82' lang='grc' dir='ltr'><strong>καὶ</strong></span> <span class='ocrx_word' id='word_1_29' title='bbox 429 481 634 538; x_wconf 75' lang='grc' dir='ltr'><em>ἔχθραν</em></span> <span class='ocrx_word' id='word_1_30' title='bbox 664 479 737 524; x_wconf 84' lang='grc' dir='ltr'><strong>καὶ</strong></span> <span class='ocrx_word' id='word_1_31' title='bbox 768 478 934 539; x_wconf 78' lang='grc' dir='ltr'><em>ὀργήν</em></span> <span class='ocrx_word' id='word_1_32' title='bbox 950 480 998 522; x_wconf 82' lang='lat'><strong>⁷⁵.</strong></span> <span class='ocrx_word' id='word_1_33' title='bbox 1060 479 1270 522; x_wconf 81' lang='lat' dir='ltr'><strong>Similiter</strong></span> <span class='ocrx_word' id='word_1_34' title='bbox 1299 479 1342 521; x_wconf 89' lang='lat' dir='ltr'><strong>in</strong></span> <span class='ocrx_word' id='word_1_35' title='bbox 1366 478 1619 522; x_wconf 83' lang='lat' dir='ltr'><strong>laudatione</strong></span> <span class='ocrx_word' id='word_1_36' title='bbox 1636 485 1680 521; x_wconf 88' lang='lat' dir='ltr'><strong>et</strong></span> 
     </span>
     <span class='ocr_line' id='line_1_6' title="bbox 206 548 1681 605; baseline -0.001 -15"><span class='ocrx_word' id='word_1_37' title='bbox 206 549 528 605; x_wconf 84' lang='lat' dir='ltr'><strong>vituperatione</strong></span> <span class='ocrx_word' id='word_1_38' title='bbox 557 550 880 605; x_wconf 80' lang='lat' dir='ltr'><strong>perorationem</strong></span> <span class='ocrx_word' id='word_1_39' title='bbox 914 549 1144 598; x_wconf 88' lang='lat' dir='ltr'><strong>describit,</strong></span> <span class='ocrx_word' id='word_1_40' title='bbox 1175 563 1264 590; x_wconf 91' lang='lat' dir='ltr'><strong>non</strong></span> <span class='ocrx_word' id='word_1_41' title='bbox 1295 548 1491 590; x_wconf 87' lang='lat' dir='ltr'><strong>nominat</strong></span> <span class='ocrx_word' id='word_1_42' title='bbox 1520 563 1561 604; x_wconf 89' lang='lat' dir='ltr'><strong>p.</strong></span> <span class='ocrx_word' id='word_1_43' title='bbox 1583 548 1681 596; x_wconf 87' lang='lat'>227,</span> 
     </span>
     <span class='ocr_line' id='line_1_7' title="bbox 207 615 1682 676; baseline 0.001 -19"><span class='ocrx_word' id='word_1_44' title='bbox 207 616 262 658; x_wconf 87' lang='lat'><strong>32</strong></span> <span class='ocrx_word' id='word_1_45' title='bbox 285 630 371 673; x_wconf 86' lang='lat' dir='ltr'><strong>sq.:</strong></span> <span class='ocrx_word' id='word_1_46' title='bbox 401 616 799 676; x_wconf 81' lang='grc' dir='ltr'><em>παλιλλογήσαντες</em></span> <span class='ocrx_word' id='word_1_47' title='bbox 833 616 881 659; x_wconf 74' lang='grc' dir='ltr'><strong>ἐν</strong></span> <span class='ocrx_word' id='word_1_48' title='bbox 918 616 1143 673; x_wconf 79' lang='grc' dir='ltr'><strong><em>κεφαλαίῳ</em></strong></span> <span class='ocrx_word' id='word_1_49' title='bbox 1180 615 1234 659; x_wconf 82' lang='grc' dir='ltr'><strong>τὰ</strong></span> <span class='ocrx_word' id='word_1_50' title='bbox 1264 617 1585 674; x_wconf 82' lang='grc' dir='ltr'><em>προειρημένα,</em></span> <span class='ocrx_word' id='word_1_51' title='bbox 1615 629 1682 658; x_wconf 84' lang='grc' dir='ltr'><strong>τε·</strong></span> 
     </span>
     <span class='ocr_line' id='line_1_8' title="bbox 205 681 1680 743; baseline -0.001 -16"><span class='ocrx_word' id='word_1_52' title='bbox 205 684 362 741; x_wconf 79' lang='grc' dir='ltr'><em>λευτὴν</em></span> <span class='ocrx_word' id='word_1_53' title='bbox 391 684 489 743; x_wconf 85' lang='grc' dir='ltr'><em>ἤτοι</em></span> <span class='ocrx_word' id='word_1_54' title='bbox 519 684 694 743; x_wconf 83' lang='grc' dir='ltr'><em>γνώμην</em></span> <span class='ocrx_word' id='word_1_55' title='bbox 730 681 761 743; x_wconf 81' lang='grc' dir='ltr'><strong><em>ἢ</em></strong></span> <span class='ocrx_word' id='word_1_56' title='bbox 789 684 1029 742; x_wconf 70' lang='grc' dir='ltr'><em>ἐνθύμημα</em></span> <span class='ocrx_word' id='word_1_57' title='bbox 1058 683 1193 727; x_wconf 84' lang='grc' dir='ltr'><em>παντὶ</em></span> <span class='ocrx_word' id='word_1_58' title='bbox 1222 686 1283 740; x_wconf 82' lang='grc' dir='ltr'><strong>τῷ</strong></span> <span class='ocrx_word' id='word_1_59' title='bbox 1310 683 1427 740; x_wconf 78' lang='grc' dir='ltr'><em>λόγῳ</em></span> <span class='ocrx_word' id='word_1_60' title='bbox 1459 683 1680 740; x_wconf 67' lang='grc' dir='ltr'><em>ἐπιθήσο-</em></span> 
     </span>
     <span class='ocr_line' id='line_1_9' title="bbox 205 750 1682 810; baseline 0 -16"><span class='ocrx_word' id='word_1_61' title='bbox 205 765 298 807; x_wconf 86' lang='grc' dir='ltr'><em>μεν.</em></span> <span class='ocrx_word' id='word_1_62' title='bbox 359 751 530 796; x_wconf 88' lang='lat' dir='ltr'><strong>Eodem</strong></span> <span class='ocrx_word' id='word_1_63' title='bbox 561 753 695 796; x_wconf 90' lang='lat' dir='ltr'><strong>modo</strong></span> <span class='ocrx_word' id='word_1_64' title='bbox 725 753 767 795; x_wconf 88' lang='lat' dir='ltr'><strong>in</strong></span> <span class='ocrx_word' id='word_1_65' title='bbox 800 752 1081 796; x_wconf 81' lang='lat' dir='ltr'><strong>accusatione</strong></span> <span class='ocrx_word' id='word_1_66' title='bbox 1111 766 1201 794; x_wconf 87' lang='lat' dir='ltr'><strong>rem</strong></span> <span class='ocrx_word' id='word_1_67' title='bbox 1232 752 1415 810; x_wconf 87' lang='lat' dir='ltr'><strong>peragit.</strong></span> <span class='ocrx_word' id='word_1_68' title='bbox 1431 750 1468 777; x_wconf 79' lang='lat'><strong>⁷⁶</strong></span> <span class='ocrx_word' id='word_1_69' title='bbox 1524 751 1575 794; x_wconf 90' lang='lat' dir='ltr'><strong>In</strong></span> <span class='ocrx_word' id='word_1_70' title='bbox 1606 750 1682 793; x_wconf 90' lang='lat' dir='ltr'><strong>de·</strong></span> 
     </span>
     <span class='ocr_line' id='line_1_10' title="bbox 206 821 1683 878; baseline -0.001 -15"><span class='ocrx_word' id='word_1_71' title='bbox 206 821 405 864; x_wconf 85' lang='lat' dir='ltr'><strong>fensione</strong></span> <span class='ocrx_word' id='word_1_72' title='bbox 436 823 665 865; x_wconf 88' lang='lat' dir='ltr'><strong>tractanda</strong></span> <span class='ocrx_word' id='word_1_73' title='bbox 703 829 809 878; x_wconf 86' lang='lat' dir='ltr'><strong>post</strong></span> <span class='ocrx_word' id='word_1_74' title='bbox 839 822 1111 877; x_wconf 87' lang='lat' dir='ltr'><strong>prooemium</strong></span> <span class='ocrx_word' id='word_1_75' title='bbox 1141 821 1238 863; x_wconf 89' lang='lat' dir='ltr'><strong>haec</strong></span> <span class='ocrx_word' id='word_1_76' title='bbox 1269 822 1423 863; x_wconf 88' lang='lat' dir='ltr'><strong>ordine</strong></span> <span class='ocrx_word' id='word_1_77' title='bbox 1453 821 1683 876; x_wconf 88' lang='lat' dir='ltr'><strong>persequi·</strong></span> 
     </span>
     <span class='ocr_line' id='line_1_11' title="bbox 210 884 1683 949; baseline -0.001 -17"><span class='ocrx_word' id='word_1_78' title='bbox 210 894 282 932; x_wconf 89' lang='lat' dir='ltr'><strong>tur</strong></span> <span class='ocrx_word' id='word_1_79' title='bbox 312 889 482 933; x_wconf 85' lang='lat' dir='ltr'><strong>rhetor:</strong></span> <span class='ocrx_word' id='word_1_80' title='bbox 512 891 598 933; x_wconf 82' lang='grc' dir='ltr'><strong>τῶν</strong></span> <span class='ocrx_word' id='word_1_81' title='bbox 635 891 1037 949; x_wconf 73' lang='grc' dir='ltr'><em>κατηγορουμένων.</em></span> <span class='ocrx_word' id='word_1_82' title='bbox 1059 884 1088 931; x_wconf 76' lang='grc' dir='ltr'><strong>δι’</strong></span> <span class='ocrx_word' id='word_1_83' title='bbox 1116 887 1198 943; x_wconf 87' lang='grc' dir='ltr'><strong>μὲν</strong></span> <span class='ocrx_word' id='word_1_84' title='bbox 1227 887 1391 932; x_wconf 78' lang='grc' dir='ltr'><em>εἰδέναι</em></span> <span class='ocrx_word' id='word_1_85' title='bbox 1420 886 1523 937; x_wconf 79' lang='grc' dir='ltr'><em>τοῦς</em></span> <span class='ocrx_word' id='word_1_86' title='bbox 1551 884 1683 931; x_wconf 79' lang='grc' dir='ltr'><em>οἷκού-</em></span> 
     </span>
     <span class='ocr_line' id='line_1_12' title="bbox 208 956 1683 1015; baseline -0.001 -16"><span class='ocrx_word' id='word_1_87' title='bbox 208 972 335 1004; x_wconf 84' lang='grc' dir='ltr'><em>οντας</em></span> <span class='ocrx_word' id='word_1_88' title='bbox 381 958 589 1015; x_wconf 81' lang='grc' dir='ltr'><em>ἐποίησε,</em></span> <span class='ocrx_word' id='word_1_89' title='bbox 633 956 662 1000; x_wconf 75' lang='grc' dir='ltr'>ἃ</span> <span class='ocrx_word' id='word_1_90' title='bbox 699 958 748 1000; x_wconf 80' lang='grc' dir='ltr'><strong>δὲ</strong></span> <span class='ocrx_word' id='word_1_91' title='bbox 785 958 1001 1009; x_wconf 78' lang='grc' dir='ltr'><em>δοξάζειν,</em></span> <span class='ocrx_word' id='word_1_92' title='bbox 1045 958 1148 1005; x_wconf 83' lang='grc' dir='ltr'><em>τοῦς</em></span> <span class='ocrx_word' id='word_1_93' title='bbox 1175 957 1410 1014; x_wconf 80' lang='grc' dir='ltr'><em>μάρτυρας,</em></span> <span class='ocrx_word' id='word_1_94' title='bbox 1442 956 1519 1004; x_wconf 83' lang='grc' dir='ltr'><strong>τὰς</strong></span> <span class='ocrx_word' id='word_1_95' title='bbox 1549 956 1683 1012; x_wconf 79' lang='grc' dir='ltr'><em>βασά-</em></span> 
     </span>
     <span class='ocr_line' id='line_1_13' title="bbox 208 1022 1683 1083; baseline -0.001 -16"><span class='ocrx_word' id='word_1_96' title='bbox 208 1039 324 1077; x_wconf 89' lang='grc' dir='ltr'><em>νους,</em></span> <span class='ocrx_word' id='word_1_97' title='bbox 360 1025 462 1074; x_wconf 86' lang='grc' dir='ltr'><strong>τούς</strong></span> <span class='ocrx_word' id='word_1_98' title='bbox 499 1022 673 1083; x_wconf 82' lang='grc' dir='ltr'><em>ὅρκους,</em></span> <span class='ocrx_word' id='word_1_99' title='bbox 702 1025 752 1067; x_wconf 86' lang='grc' dir='ltr'><strong>τὸ</strong></span> <span class='ocrx_word' id='word_1_100' title='bbox 786 1023 917 1077; x_wconf 83' lang='grc' dir='ltr'><em>εἰκός,</em></span> <span class='ocrx_word' id='word_1_101' title='bbox 948 1024 1000 1067; x_wconf 82' lang='grc' dir='ltr'><strong>τὸ</strong></span> <span class='ocrx_word' id='word_1_102' title='bbox 1030 1024 1322 1082; x_wconf 83' lang='grc' dir='ltr'><em>παράδειγμα,</em></span> <span class='ocrx_word' id='word_1_103' title='bbox 1350 1024 1401 1067; x_wconf 82' lang='grc' dir='ltr'><strong>τὸ</strong></span> <span class='ocrx_word' id='word_1_104' title='bbox 1433 1023 1683 1083; x_wconf 83' lang='grc' dir='ltr'><em>τεκμήριον,</em></span> 
     </span>
     <span class='ocr_line' id='line_1_14' title="bbox 208 1092 1684 1151; baseline 0 -16"><span class='ocrx_word' id='word_1_105' title='bbox 208 1093 285 1142; x_wconf 86' lang='grc' dir='ltr'><strong>τὰς</strong></span> <span class='ocrx_word' id='word_1_106' title='bbox 327 1093 510 1148; x_wconf 79' lang='grc' dir='ltr'><em>γνώμας,</em></span> <span class='ocrx_word' id='word_1_107' title='bbox 549 1093 602 1136; x_wconf 80' lang='grc' dir='ltr'><strong>τὰ</strong></span> <span class='ocrx_word' id='word_1_108' title='bbox 646 1094 938 1151; x_wconf 75' lang='grc' dir='ltr'><em>ἐνθυμήματα</em></span> <span class='ocrx_word' id='word_1_109' title='bbox 944 1126 958 1145; x_wconf 90' lang='grc'><em>,</em></span> <span class='ocrx_word' id='word_1_110' title='bbox 989 1093 1043 1136; x_wconf 84' lang='grc' dir='ltr'><strong>τᾶ</strong></span> <span class='ocrx_word' id='word_1_111' title='bbox 1076 1100 1256 1151; x_wconf 82' lang='grc' dir='ltr'><em>σημεῖα,</em></span> <span class='ocrx_word' id='word_1_112' title='bbox 1290 1093 1420 1147; x_wconf 79' lang='grc' dir='ltr'><em>”μετὰ</em></span> <span class='ocrx_word' id='word_1_113' title='bbox 1449 1092 1497 1136; x_wconf 87' lang='grc' dir='ltr'><strong>δὲ</strong></span> <span class='ocrx_word' id='word_1_114' title='bbox 1525 1093 1684 1135; x_wconf 82' lang='grc' dir='ltr'><em>ταῦτα”</em></span> 
     </span>
     <span class='ocr_line' id='line_1_15' title="bbox 212 1160 1685 1221; baseline 0.001 -19"><span class='ocrx_word' id='word_1_115' title='bbox 212 1161 288 1209; x_wconf 82' lang='grc' dir='ltr'><strong>τὰς</strong></span> <span class='ocrx_word' id='word_1_116' title='bbox 331 1161 696 1221; x_wconf 79' lang='grc' dir='ltr'><em>προκαταλήψεις</em></span> <span class='ocrx_word' id='word_1_117' title='bbox 722 1161 806 1221; x_wconf 26' lang='grc' dir='ltr'><strong>,τὰς</strong></span> <span class='ocrx_word' id='word_1_118' title='bbox 835 1160 927 1204; x_wconf 80' lang='grc' dir='ltr'><strong>ὑπὸ</strong></span> <span class='ocrx_word' id='word_1_119' title='bbox 957 1162 1043 1204; x_wconf 76' lang='grc' dir='ltr'><strong>τῶν</strong></span> <span class='ocrx_word' id='word_1_120' title='bbox 1071 1160 1279 1204; x_wconf 78' lang='grc' dir='ltr'><em>ἐναντίων</em></span> <span class='ocrx_word' id='word_1_121' title='bbox 1308 1161 1551 1220; x_wconf 83' lang='grc' dir='ltr'><em>εἰρημένας.</em></span> <span class='ocrx_word' id='word_1_122' title='bbox 1612 1160 1685 1203; x_wconf 85' lang='lat' dir='ltr'><strong>Ex</strong></span> 
     </span>
     <span class='ocr_line' id='line_1_16' title="bbox 209 1230 1682 1287; baseline 0.001 -16"><span class='ocrx_word' id='word_1_123' title='bbox 209 1230 284 1280; x_wconf 85' lang='lat' dir='ltr'><strong>iis,</strong></span> <span class='ocrx_word' id='word_1_124' title='bbox 330 1245 429 1286; x_wconf 80' lang='lat' dir='ltr'><strong>quae</strong></span> <span class='ocrx_word' id='word_1_125' title='bbox 474 1232 720 1278; x_wconf 83' lang='lat' dir='ltr'><strong>attulimus.</strong></span> <span class='ocrx_word' id='word_1_126' title='bbox 767 1232 874 1273; x_wconf 90' lang='lat' dir='ltr'><strong>satis</strong></span> <span class='ocrx_word' id='word_1_127' title='bbox 921 1238 1126 1287; x_wconf 86' lang='lat' dir='ltr'><strong>apparet,</strong></span> <span class='ocrx_word' id='word_1_128' title='bbox 1165 1230 1477 1273; x_wconf 83' lang='lat' dir='ltr'><strong>Anaximenem</strong></span> <span class='ocrx_word' id='word_1_129' title='bbox 1509 1231 1551 1273; x_wconf 93' lang='lat' dir='ltr'><strong>in</strong></span> <span class='ocrx_word' id='word_1_130' title='bbox 1584 1230 1682 1273; x_wconf 86' lang='lat' dir='ltr'><strong>aliis</strong></span> 
     </span>
     <span class='ocr_line' id='line_1_17' title="bbox 208 1298 1683 1346; baseline 0.001 -8"><span class='ocrx_word' id='word_1_131' title='bbox 208 1298 342 1338; x_wconf 87' lang='lat' dir='ltr'><strong>rebus</strong></span> <span class='ocrx_word' id='word_1_132' title='bbox 373 1298 429 1340; x_wconf 90' lang='lat' dir='ltr'><strong>ad</strong></span> <span class='ocrx_word' id='word_1_133' title='bbox 462 1298 670 1340; x_wconf 83' lang='lat' dir='ltr'><strong>Coracem</strong></span> <span class='ocrx_word' id='word_1_134' title='bbox 703 1306 747 1341; x_wconf 89' lang='lat' dir='ltr'><strong>et</strong></span> <span class='ocrx_word' id='word_1_135' title='bbox 775 1299 1028 1341; x_wconf 87' lang='lat' dir='ltr'><strong>Isocrateos</strong></span> <span class='ocrx_word' id='word_1_136' title='bbox 1059 1312 1109 1339; x_wconf 85' lang='lat' dir='ltr'><strong>se</strong></span> <span class='ocrx_word' id='word_1_137' title='bbox 1126 1298 1568 1346; x_wconf 82' lang='lat' dir='ltr'><strong>accommodasse‚in</strong></span> <span class='ocrx_word' id='word_1_138' title='bbox 1585 1298 1683 1340; x_wconf 91' lang='lat' dir='ltr'><strong>aliis</strong></span> 
     </span>
     <span class='ocr_line' id='line_1_18' title="bbox 208 1363 1685 1423; baseline 0.001 -17"><span class='ocrx_word' id='word_1_139' title='bbox 208 1363 489 1408; x_wconf 87' lang='lat' dir='ltr'><strong>Theodoreis</strong></span> <span class='ocrx_word' id='word_1_140' title='bbox 521 1366 703 1409; x_wconf 84' lang='lat' dir='ltr'><strong>similem</strong></span> <span class='ocrx_word' id='word_1_141' title='bbox 736 1381 837 1409; x_wconf 87' lang='lat' dir='ltr'><strong>esse</strong></span> <span class='ocrx_word' id='word_1_142' title='bbox 868 1366 1076 1409; x_wconf 88' lang='lat' dir='ltr'><strong>voluisse.</strong></span> <span class='ocrx_word' id='word_1_143' title='bbox 1136 1364 1342 1408; x_wconf 89' lang='lat' dir='ltr'><strong>Vidimus</strong></span> <span class='ocrx_word' id='word_1_144' title='bbox 1372 1366 1516 1423; x_wconf 86' lang='lat' dir='ltr'><strong>igitur,</strong></span> <span class='ocrx_word' id='word_1_145' title='bbox 1538 1365 1685 1422; x_wconf 86' lang='lat' dir='ltr'><strong>qualia</strong></span> 
     </span>
     <span class='ocr_line' id='line_1_19' title="bbox 213 1434 1171 1489; baseline 0 -15"><span class='ocrx_word' id='word_1_146' title='bbox 213 1439 364 1474; x_wconf 87' lang='lat' dir='ltr'><strong>essent</strong></span> <span class='ocrx_word' id='word_1_147' title='bbox 394 1447 465 1482; x_wconf 90' lang='lat' dir='ltr'><strong>ea,</strong></span> <span class='ocrx_word' id='word_1_148' title='bbox 497 1434 657 1489; x_wconf 83' lang='lat' dir='ltr'><strong>quibus</strong></span> <span class='ocrx_word' id='word_1_149' title='bbox 691 1434 832 1476; x_wconf 88' lang='lat' dir='ltr'><strong>oratio</strong></span> <span class='ocrx_word' id='word_1_150' title='bbox 864 1434 1171 1475; x_wconf 77' lang='lat' dir='ltr'><strong>contineretur.</strong></span> 
     </span>
    </p>

    <p class='ocr_par' dir='ltr' id='par_1_3' title="bbox 209 1501 1688 2379">
     <span class='ocr_line' id='line_1_20' title="bbox 326 1501 1685 1558; baseline 0.001 -15"><span class='ocrx_word' id='word_1_151' title='bbox 326 1501 422 1543; x_wconf 57' lang='lat' dir='ltr'><strong>«lam</strong></span> <span class='ocrx_word' id='word_1_152' title='bbox 457 1516 561 1543; x_wconf 90' lang='lat' dir='ltr'><strong>vero</strong></span> <span class='ocrx_word' id='word_1_153' title='bbox 593 1501 650 1544; x_wconf 89' lang='lat' dir='ltr'><strong>ad</strong></span> <span class='ocrx_word' id='word_1_154' title='bbox 681 1517 774 1544; x_wconf 90' lang='lat' dir='ltr'><strong>eam</strong></span> <span class='ocrx_word' id='word_1_155' title='bbox 808 1501 1062 1544; x_wconf 87' lang='lat' dir='ltr'><strong>devenimus</strong></span> <span class='ocrx_word' id='word_1_156' title='bbox 1079 1501 1293 1544; x_wconf 86' lang='lat' dir='ltr'><strong>institutae</strong></span> <span class='ocrx_word' id='word_1_157' title='bbox 1310 1501 1563 1558; x_wconf 87' lang='lat' dir='ltr'><strong>scriptionis</strong></span> <span class='ocrx_word' id='word_1_158' title='bbox 1586 1517 1685 1558; x_wconf 89' lang='lat' dir='ltr'><strong>par·</strong></span> 
     </span>
     <span class='ocr_line' id='line_1_21' title="bbox 211 1569 1686 1625; baseline 0.002 -16"><span class='ocrx_word' id='word_1_159' title='bbox 211 1574 319 1617; x_wconf 79' lang='lat' dir='ltr'><strong>tem,</strong></span> <span class='ocrx_word' id='word_1_160' title='bbox 351 1584 438 1623; x_wconf 91' lang='lat' dir='ltr'><strong>qua</strong></span> <span class='ocrx_word' id='word_1_161' title='bbox 469 1584 568 1624; x_wconf 86' lang='lat' dir='ltr'><strong>quae</strong></span> <span class='ocrx_word' id='word_1_162' title='bbox 600 1576 721 1611; x_wconf 88' lang='lat' dir='ltr'><strong>esset</strong></span> <span class='ocrx_word' id='word_1_163' title='bbox 749 1571 792 1611; x_wconf 93' lang='lat' dir='ltr'><strong>in</strong></span> <span class='ocrx_word' id='word_1_164' title='bbox 816 1570 1090 1612; x_wconf 86' lang='lat' dir='ltr'><strong>orationibus</strong></span> <span class='ocrx_word' id='word_1_165' title='bbox 1111 1569 1400 1625; x_wconf 85' lang='lat' dir='ltr'><strong>Antiphontis</strong></span> <span class='ocrx_word' id='word_1_166' title='bbox 1424 1578 1468 1611; x_wconf 89' lang='lat' dir='ltr'><strong>et</strong></span> <span class='ocrx_word' id='word_1_167' title='bbox 1492 1570 1686 1612; x_wconf 89' lang='lat' dir='ltr'><strong>Andoci-</strong></span> 
     </span>
     <span class='ocr_line' id='line_1_22' title="bbox 211 1636 1686 1694; baseline 0.002 -16"><span class='ocrx_word' id='word_1_168' title='bbox 211 1636 280 1678; x_wconf 90' lang='lat' dir='ltr'><strong>dis</strong></span> <span class='ocrx_word' id='word_1_169' title='bbox 325 1652 470 1679; x_wconf 87' lang='lat' dir='ltr'><strong>rerum</strong></span> <span class='ocrx_word' id='word_1_170' title='bbox 503 1637 760 1694; x_wconf 86' lang='lat' dir='ltr'><strong>dispositio,</strong></span> <span class='ocrx_word' id='word_1_171' title='bbox 792 1645 1010 1694; x_wconf 89' lang='lat' dir='ltr'><strong>quatenus</strong></span> <span class='ocrx_word' id='word_1_172' title='bbox 1042 1636 1099 1679; x_wconf 91' lang='lat' dir='ltr'><strong>ad</strong></span> <span class='ocrx_word' id='word_1_173' title='bbox 1131 1644 1356 1694; x_wconf 88' lang='lat' dir='ltr'><strong>praecepta</strong></span> <span class='ocrx_word' id='word_1_174' title='bbox 1386 1638 1686 1681; x_wconf 87' lang='lat' dir='ltr'><strong>Anaximenea</strong></span> 
     </span>
     <span class='ocr_line' id='line_1_23' title="bbox 209 1705 1683 1761; baseline 0.003 -16"><span class='ocrx_word' id='word_1_175' title='bbox 209 1711 367 1759; x_wconf 87' lang='lat' dir='ltr'><strong>posset</strong></span> <span class='ocrx_word' id='word_1_176' title='bbox 396 1705 740 1753; x_wconf 86' lang='lat' dir='ltr'><strong>accommodari,</strong></span> <span class='ocrx_word' id='word_1_177' title='bbox 772 1706 1059 1761; x_wconf 85' lang='lat' dir='ltr'><strong>quaesiturum</strong></span> <span class='ocrx_word' id='word_1_178' title='bbox 1089 1719 1159 1746; x_wconf 90' lang='lat' dir='ltr'><strong>me</strong></span> <span class='ocrx_word' id='word_1_179' title='bbox 1190 1720 1290 1747; x_wconf 83' lang='lat' dir='ltr'><strong>esse</strong></span> <span class='ocrx_word' id='word_1_180' title='bbox 1322 1706 1425 1748; x_wconf 84' lang='lat' dir='ltr'><strong>dixi.</strong></span> <span class='ocrx_word' id='word_1_181' title='bbox 1487 1707 1683 1760; x_wconf 80' lang='lat' dir='ltr'><strong>Quarum</strong></span> 
     </span>
     <span class='ocr_line' id='line_1_24' title="bbox 212 1771 1684 1831; baseline 0.005 -19"><span class='ocrx_word' id='word_1_182' title='bbox 212 1771 387 1826; x_wconf 90' lang='lat' dir='ltr'><strong>quidem</strong></span> <span class='ocrx_word' id='word_1_183' title='bbox 434 1773 680 1815; x_wconf 88' lang='lat' dir='ltr'><strong>orationum</strong></span> <span class='ocrx_word' id='word_1_184' title='bbox 726 1787 825 1828; x_wconf 86' lang='lat' dir='ltr'><strong>quae</strong></span> <span class='ocrx_word' id='word_1_185' title='bbox 869 1774 925 1816; x_wconf 91' lang='lat' dir='ltr'><strong>ab</strong></span> <span class='ocrx_word' id='word_1_186' title='bbox 957 1773 1231 1829; x_wconf 80' lang='lat' dir='ltr'><strong>Antiphonte</strong></span> <span class='ocrx_word' id='word_1_187' title='bbox 1263 1774 1442 1831; x_wconf 83' lang='lat' dir='ltr'><strong>scriptae</strong></span> <span class='ocrx_word' id='word_1_188' title='bbox 1472 1782 1597 1825; x_wconf 85' lang='lat' dir='ltr'><strong>sunt,</strong></span> <span class='ocrx_word' id='word_1_189' title='bbox 1627 1776 1684 1819; x_wconf 86' lang='lat' dir='ltr'><strong>ad</strong></span> 
     </span>
     <span class='ocr_line' id='line_1_25' title="bbox 210 1839 1688 1901; baseline 0.003 -20"><span class='ocrx_word' id='word_1_190' title='bbox 210 1839 504 1893; x_wconf 83' lang='grc' dir='ltr'><em>δικαιολογίας</em></span> <span class='ocrx_word' id='word_1_191' title='bbox 549 1840 809 1891; x_wconf 85' lang='lat' dir='ltr'><strong>referuntur,</strong></span> <span class='ocrx_word' id='word_1_192' title='bbox 850 1855 949 1897; x_wconf 89' lang='lat' dir='ltr'><strong>quae</strong></span> <span class='ocrx_word' id='word_1_193' title='bbox 980 1842 1035 1883; x_wconf 86' lang='lat' dir='ltr'><strong>ab</strong></span> <span class='ocrx_word' id='word_1_194' title='bbox 1066 1841 1299 1884; x_wconf 89' lang='lat' dir='ltr'><strong>Andocide</strong></span> <span class='ocrx_word' id='word_1_195' title='bbox 1330 1842 1388 1884; x_wconf 91' lang='lat' dir='ltr'><strong>ad</strong></span> <span class='ocrx_word' id='word_1_196' title='bbox 1418 1843 1688 1901; x_wconf 85' lang='grc' dir='ltr'><em>δημηγορίας</em></span> 
     </span>
     <span class='ocr_line' id='line_1_26' title="bbox 211 1908 1684 1984; baseline 0.005 -36"><span class='ocrx_word' id='word_1_197' title='bbox 211 1914 373 1984; x_wconf 87' lang='lat' dir='ltr'><strong>praeter</strong></span> <span class='ocrx_word' id='word_1_198' title='bbox 405 1922 554 1958; x_wconf 88' lang='lat' dir='ltr'><strong>unam,</strong></span> <span class='ocrx_word' id='word_1_199' title='bbox 586 1908 765 1963; x_wconf 88' lang='lat' dir='ltr'><strong>quaede</strong></span> <span class='ocrx_word' id='word_1_200' title='bbox 797 1908 1084 1965; x_wconf 87' lang='lat' dir='ltr'><strong>mysteriis</strong></span> <span class='ocrx_word' id='word_1_201' title='bbox 1107 1910 1441 1959; x_wconf 80' lang='lat' dir='ltr'><strong>inscribisolet;</strong></span> <span class='ocrx_word' id='word_1_202' title='bbox 1458 1911 1555 1954; x_wconf 87' lang='lat' dir='ltr'><strong>haec</strong></span> <span class='ocrx_word' id='word_1_203' title='bbox 1572 1912 1684 1954; x_wconf 89' lang='lat' dir='ltr'><strong>enim</strong></span> 
     </span>
     <span class='ocr_line' id='line_1_27' title="bbox 210 1975 1689 2037; baseline 0.003 -20"><span class='ocrx_word' id='word_1_204' title='bbox 210 1976 253 2017; x_wconf 92' lang='lat' dir='ltr'><strong>in</strong></span> <span class='ocrx_word' id='word_1_205' title='bbox 300 1975 454 2017; x_wconf 88' lang='lat' dir='ltr'><strong>eodem</strong></span> <span class='ocrx_word' id='word_1_206' title='bbox 499 1990 658 2032; x_wconf 86' lang='lat' dir='ltr'><strong>genere</strong></span> <span class='ocrx_word' id='word_1_207' title='bbox 709 1982 797 2023; x_wconf 90' lang='lat' dir='ltr'><strong>est</strong></span> <span class='ocrx_word' id='word_1_208' title='bbox 828 1989 917 2031; x_wconf 90' lang='lat' dir='ltr'><strong>quo</strong></span> <span class='ocrx_word' id='word_1_209' title='bbox 949 1976 1384 2031; x_wconf 85' lang='lat' dir='ltr'><strong>Antiphonteae.1n</strong></span> <span class='ocrx_word' id='word_1_210' title='bbox 1415 1981 1689 2037; x_wconf 79' lang='grc' dir='ltr'><em>κατηγορικῷ</em></span> 
     </span>
     <span class='ocr_line' id='line_1_28' title="bbox 210 2042 1686 2101; baseline 0.003 -15"><span class='ocrx_word' id='word_1_211' title='bbox 210 2042 319 2087; x_wconf 83' lang='grc' dir='ltr'><em>ειδει</em></span> <span class='ocrx_word' id='word_1_212' title='bbox 359 2051 591 2086; x_wconf 84' lang='lat' dir='ltr'><strong>versantur</strong></span> <span class='ocrx_word' id='word_1_213' title='bbox 639 2043 1241 2100; x_wconf 86' lang='lat' dir='ltr'><strong>Antiphont.orr.1.11,a</strong></span> <span class='ocrx_word' id='word_1_214' title='bbox 1272 2044 1310 2087; x_wconf 70' lang='grc' dir='ltr'><strong>δι</strong></span> <span class='ocrx_word' id='word_1_215' title='bbox 1340 2060 1376 2099; x_wconf 89' lang='grc' dir='ltr'><em>γ</em></span> <span class='ocrx_word' id='word_1_216' title='bbox 1407 2045 1490 2097; x_wconf 88' lang='grc' dir='ltr'><strong>ΙΙΙ,</strong></span> <span class='ocrx_word' id='word_1_217' title='bbox 1518 2061 1548 2089; x_wconf 92' lang='grc' dir='ltr'><em>α</em></span> <span class='ocrx_word' id='word_1_218' title='bbox 1579 2046 1618 2090; x_wconf 64' lang='grc' dir='ltr'><strong>δε</strong></span> <span class='ocrx_word' id='word_1_219' title='bbox 1648 2063 1686 2101; x_wconf 86' lang='grc' dir='ltr'><strong>γ.</strong></span> 
     </span>
     <span class='ocr_line' id='line_1_29' title="bbox 213 2108 1684 2170; baseline 0.003 -17"><span class='ocrx_word' id='word_1_220' title='bbox 213 2111 287 2160; x_wconf 90' lang='lat' dir='ltr'><strong>lV,</strong></span> <span class='ocrx_word' id='word_1_221' title='bbox 318 2126 347 2154; x_wconf 95' lang='grc' dir='ltr'><em>α</em></span> <span class='ocrx_word' id='word_1_222' title='bbox 376 2111 415 2153; x_wconf 65' lang='lat' dir='ltr'><strong>Sc</strong></span> <span class='ocrx_word' id='word_1_223' title='bbox 444 2127 482 2164; x_wconf 91' lang='grc' dir='ltr'><strong>γ,</strong></span> <span class='ocrx_word' id='word_1_224' title='bbox 512 2113 554 2154; x_wconf 92' lang='lat' dir='ltr'><strong>in</strong></span> <span class='ocrx_word' id='word_1_225' title='bbox 586 2108 893 2168; x_wconf 77' lang='grc' dir='ltr'><em>απολογητικῷ</em></span> <span class='ocrx_word' id='word_1_226' title='bbox 923 2118 1068 2153; x_wconf 85' lang='lat' dir='ltr'><strong>autem</strong></span> <span class='ocrx_word' id='word_1_227' title='bbox 1100 2125 1182 2160; x_wconf 84' lang='lat' dir='ltr'><strong>eae,</strong></span> <span class='ocrx_word' id='word_1_228' title='bbox 1214 2125 1313 2166; x_wconf 90' lang='lat' dir='ltr'><strong>quae</strong></span> <span class='ocrx_word' id='word_1_229' title='bbox 1343 2112 1478 2170; x_wconf 89' lang='lat' dir='ltr'><strong>hujus</strong></span> <span class='ocrx_word' id='word_1_230' title='bbox 1508 2117 1684 2170; x_wconf 85' lang='lat' dir='ltr'><strong>generis</strong></span> 
     </span>
     <span class='ocr_line' id='line_1_30' title="bbox 216 2176 1688 2237; baseline 0.003 -15"><span class='ocrx_word' id='word_1_231' title='bbox 216 2186 323 2222; x_wconf 90' lang='lat' dir='ltr'><strong>sunt</strong></span> <span class='ocrx_word' id='word_1_232' title='bbox 350 2180 538 2235; x_wconf 72' lang='lat' dir='ltr'><strong>reliquae.</strong></span> <span class='ocrx_word' id='word_1_233' title='bbox 584 2178 753 2221; x_wconf 90' lang='lat' dir='ltr'><strong>Andoc.</strong></span> <span class='ocrx_word' id='word_1_234' title='bbox 787 2193 849 2222; x_wconf 90' lang='lat' dir='ltr'><strong>or.</strong></span> <span class='ocrx_word' id='word_1_235' title='bbox 879 2179 931 2222; x_wconf 90' lang='lat'><strong>11.</strong></span> <span class='ocrx_word' id='word_1_236' title='bbox 963 2178 1020 2221; x_wconf 87' lang='lat' dir='ltr'><strong>ad</strong></span> <span class='ocrx_word' id='word_1_237' title='bbox 1051 2178 1378 2237; x_wconf 80' lang='grc' dir='ltr'><em>προτρεπτικὸν</em></span> <span class='ocrx_word' id='word_1_238' title='bbox 1408 2176 1524 2231; x_wconf 84' lang='grc' dir='ltr'><em>εἶδος</em></span> <span class='ocrx_word' id='word_1_239' title='bbox 1553 2182 1688 2227; x_wconf 85' lang='lat' dir='ltr'><strong>refer·</strong></span> 
     </span>
     <span class='ocr_line' id='line_1_31' title="bbox 211 2243 1687 2309; baseline 0.005 -20"><span class='ocrx_word' id='word_1_240' title='bbox 211 2253 296 2296; x_wconf 86' lang='lat' dir='ltr'><strong>tur,</strong></span> <span class='ocrx_word' id='word_1_241' title='bbox 327 2262 388 2290; x_wconf 91' lang='lat' dir='ltr'><strong>or.</strong></span> <span class='ocrx_word' id='word_1_242' title='bbox 419 2248 494 2290; x_wconf 91' lang='grc' dir='ltr'>ΙΙΙ.</span> <span class='ocrx_word' id='word_1_243' title='bbox 525 2247 583 2290; x_wconf 88' lang='lat' dir='ltr'><strong>ad</strong></span> <span class='ocrx_word' id='word_1_244' title='bbox 614 2243 956 2305; x_wconf 78' lang='grc' dir='ltr'><em>ἄποτρεπτικόν,</em></span> <span class='ocrx_word' id='word_1_245' title='bbox 988 2264 1050 2292; x_wconf 87' lang='lat' dir='ltr'><strong>or.</strong></span> <span class='ocrx_word' id='word_1_246' title='bbox 1082 2248 1159 2299; x_wconf 88' lang='lat' dir='ltr'><strong>IV,</strong></span> <span class='ocrx_word' id='word_1_247' title='bbox 1190 2264 1291 2306; x_wconf 86' lang='lat' dir='ltr'><strong>quae</strong></span> <span class='ocrx_word' id='word_1_248' title='bbox 1321 2256 1465 2294; x_wconf 84' lang='lat' dir='ltr'><strong>tamen</strong></span> <span class='ocrx_word' id='word_1_249' title='bbox 1490 2253 1687 2309; x_wconf 86' lang='lat' dir='ltr'><strong>cogitan-</strong></span> 
     </span>
     <span class='ocr_line' id='line_1_32' title="bbox 212 2316 1686 2379; baseline 0.005 -22"><span class='ocrx_word' id='word_1_250' title='bbox 212 2316 317 2357; x_wconf 90' lang='lat' dir='ltr'><strong>dum</strong></span> <span class='ocrx_word' id='word_1_251' title='bbox 362 2322 433 2358; x_wconf 90' lang='lat' dir='ltr'><strong>est</strong></span> <span class='ocrx_word' id='word_1_252' title='bbox 462 2331 517 2359; x_wconf 91' lang='lat' dir='ltr'><strong>ne</strong></span> <span class='ocrx_word' id='word_1_253' title='bbox 544 2316 766 2359; x_wconf 85' lang='lat' dir='ltr'><strong>Andocidi</strong></span> <span class='ocrx_word' id='word_1_254' title='bbox 796 2324 915 2360; x_wconf 88' lang='lat' dir='ltr'><strong>recte</strong></span> <span class='ocrx_word' id='word_1_255' title='bbox 947 2317 1225 2374; x_wconf 88' lang='lat' dir='ltr'><strong>abjudicetur</strong></span> <span class='ocrx_word' id='word_1_256' title='bbox 1240 2318 1289 2368; x_wconf 85' lang='lat'><strong>⁷⁷,</strong></span> <span class='ocrx_word' id='word_1_257' title='bbox 1320 2320 1550 2363; x_wconf 89' lang='lat' dir='ltr'><strong>maximam</strong></span> <span class='ocrx_word' id='word_1_258' title='bbox 1586 2335 1686 2379; x_wconf 88' lang='lat' dir='ltr'><strong>par—</strong></span> 
     </span>
    </p>
   </div>
   <div class='ocr_carea' id='block_1_3' title="bbox 210 2409 477 2417">
    <p class='ocr_par' dir='ltr' id='par_1_4' title="bbox 210 2409 477 2417">
     <span class='ocr_line' id='line_1_33' title="bbox 210 2409 477 2417; baseline 0 0"><span class='ocrx_word' id='word_1_259' title='bbox 210 2409 477 2417; x_wconf 95' lang='lat' dir='ltr'><strong> </strong></span> 
     </span>
    </p>
   </div>
   <div class='ocr_carea' id='block_1_4' title="bbox 210 2440 1685 2722">
    <p class='ocr_par' dir='ltr' id='par_1_5' title="bbox 307 2440 1380 2487">
     <span class='ocr_line' id='line_1_34' title="bbox 307 2440 1380 2487; baseline 0.006 -14"><span class='ocrx_word' id='word_1_260' title='bbox 307 2440 349 2474; x_wconf 82' lang='lat'><strong>75</strong></span> <span class='ocrx_word' id='word_1_261' title='bbox 400 2441 515 2474; x_wconf 80' lang='lat' dir='ltr'><strong>Anax.</strong></span> <span class='ocrx_word' id='word_1_262' title='bbox 541 2453 572 2476; x_wconf 82' lang='lat' dir='ltr'><strong>c.</strong></span> <span class='ocrx_word' id='word_1_263' title='bbox 599 2442 654 2476; x_wconf 89' lang='grc'><strong>34.</strong></span> <span class='ocrx_word' id='word_1_264' title='bbox 679 2455 714 2487; x_wconf 88' lang='lat' dir='ltr'><strong>p.</strong></span> <span class='ocrx_word' id='word_1_265' title='bbox 739 2444 819 2484; x_wconf 82' lang='grc'><em>222,</em></span> <span class='ocrx_word' id='word_1_266' title='bbox 843 2444 889 2477; x_wconf 88' lang='grc'><strong>27</strong></span> <span class='ocrx_word' id='word_1_267' title='bbox 915 2460 959 2467; x_wconf 94' lang='grc'>-</span> <span class='ocrx_word' id='word_1_268' title='bbox 985 2444 1064 2484; x_wconf 89' lang='grc'><em>223,</em></span> <span class='ocrx_word' id='word_1_269' title='bbox 1092 2442 1147 2477; x_wconf 84' lang='grc'><strong>18.</strong></span> <span class='ocrx_word' id='word_1_270' title='bbox 1172 2443 1250 2483; x_wconf 84' lang='grc'><em>225,</em></span> <span class='ocrx_word' id='word_1_271' title='bbox 1277 2444 1380 2480; x_wconf 83' lang='grc'><em>1-3,</em></span> 
     </span>
    </p>

    <p class='ocr_par' dir='ltr' id='par_1_6' title="bbox 305 2496 858 2546">
     <span class='ocr_line' id='line_1_35' title="bbox 305 2496 858 2546; baseline 0.005 -13"><span class='ocrx_word' id='word_1_272' title='bbox 305 2496 350 2533; x_wconf 90' lang='grc'><strong>76</strong></span> <span class='ocrx_word' id='word_1_273' title='bbox 399 2499 516 2533; x_wconf 81' lang='lat' dir='ltr'><strong>Anax.</strong></span> <span class='ocrx_word' id='word_1_274' title='bbox 541 2510 575 2546; x_wconf 91' lang='lat' dir='ltr'><strong>p.</strong></span> <span class='ocrx_word' id='word_1_275' title='bbox 603 2499 683 2542; x_wconf 87' lang='grc'><em>233,</em></span> <span class='ocrx_word' id='word_1_276' title='bbox 710 2498 858 2536; x_wconf 82' lang='lat'>15-23.</span> 
     </span>
    </p>

    <p class='ocr_par' dir='ltr' id='par_1_7' title="bbox 210 2556 1685 2722">
     <span class='ocr_line' id='line_1_36' title="bbox 304 2556 1682 2609; baseline 0.006 -20"><span class='ocrx_word' id='word_1_277' title='bbox 304 2556 351 2589; x_wconf 86' lang='lat'><strong>77</strong></span> <span class='ocrx_word' id='word_1_278' title='bbox 400 2556 454 2590; x_wconf 86' lang='lat' dir='ltr'><strong>De</strong></span> <span class='ocrx_word' id='word_1_279' title='bbox 490 2557 556 2590; x_wconf 84' lang='lat' dir='ltr'><strong>hac</strong></span> <span class='ocrx_word' id='word_1_280' title='bbox 593 2568 632 2591; x_wconf 86' lang='lat' dir='ltr'><strong>re</strong></span> <span class='ocrx_word' id='word_1_281' title='bbox 670 2558 900 2604; x_wconf 80' lang='lat' dir='ltr'><strong>disputarunt</strong></span> <span class='ocrx_word' id='word_1_282' title='bbox 935 2559 960 2593; x_wconf 92' lang='grc' dir='ltr'><strong>Ι.</strong></span> <span class='ocrx_word' id='word_1_283' title='bbox 997 2559 1135 2604; x_wconf 77' lang='lat' dir='ltr'><strong>&#39;raylor</strong></span> <span class='ocrx_word' id='word_1_284' title='bbox 1171 2558 1284 2594; x_wconf 82' lang='lat' dir='ltr'><strong>Lectt.</strong></span> <span class='ocrx_word' id='word_1_285' title='bbox 1323 2560 1462 2607; x_wconf 84' lang='lat' dir='ltr'><strong>Lysiae.</strong></span> <span class='ocrx_word' id='word_1_286' title='bbox 1495 2574 1522 2596; x_wconf 87' lang='lat' dir='ltr'><strong>c.</strong></span> <span class='ocrx_word' id='word_1_287' title='bbox 1554 2562 1617 2597; x_wconf 82' lang='lat' dir='ltr'><strong>VI.</strong></span> <span class='ocrx_word' id='word_1_288' title='bbox 1649 2577 1682 2609; x_wconf 88' lang='lat' dir='ltr'><strong>p.</strong></span> 
     </span>
     <span class='ocr_line' id='line_1_37' title="bbox 210 2611 1684 2662; baseline 0.005 -15"><span class='ocrx_word' id='word_1_289' title='bbox 210 2611 409 2648; x_wconf 80' lang='lat'><strong>694—696.</strong></span> <span class='ocrx_word' id='word_1_290' title='bbox 432 2613 551 2656; x_wconf 88' lang='lat' dir='ltr'><strong>(Tom.</strong></span> <span class='ocrx_word' id='word_1_291' title='bbox 576 2613 640 2649; x_wconf 83' lang='lat' dir='ltr'><strong>VI.</strong></span> <span class='ocrx_word' id='word_1_292' title='bbox 665 2627 698 2662; x_wconf 88' lang='lat' dir='ltr'><strong>p.</strong></span> <span class='ocrx_word' id='word_1_293' title='bbox 725 2614 911 2651; x_wconf 87' lang='grc'><em>261-268</em></span> <span class='ocrx_word' id='word_1_294' title='bbox 945 2616 1097 2659; x_wconf 78' lang='lat' dir='ltr'><strong>Reisk‚)‚</strong></span> <span class='ocrx_word' id='word_1_295' title='bbox 1135 2614 1179 2651; x_wconf 92' lang='lat' dir='ltr'><strong>D.</strong></span> <span class='ocrx_word' id='word_1_296' title='bbox 1211 2615 1444 2653; x_wconf 79' lang='lat' dir='ltr'><strong>Rhunkenius</strong></span> <span class='ocrx_word' id='word_1_297' title='bbox 1475 2617 1568 2654; x_wconf 80' lang='lat' dir='ltr'><strong>Hist.</strong></span> <span class='ocrx_word' id='word_1_298' title='bbox 1600 2618 1684 2655; x_wconf 88' lang='lat' dir='ltr'><strong>Crit.</strong></span> 
     </span>
     <span class='ocr_line' id='line_1_38' title="bbox 213 2671 1685 2722; baseline 0.005 -16"><span class='ocrx_word' id='word_1_299' title='bbox 213 2671 273 2707; x_wconf 90' lang='lat' dir='ltr'><strong>Or.</strong></span> <span class='ocrx_word' id='word_1_300' title='bbox 299 2672 361 2708; x_wconf 84' lang='lat' dir='ltr'><strong>Gr.</strong></span> <span class='ocrx_word' id='word_1_301' title='bbox 385 2685 421 2720; x_wconf 86' lang='lat' dir='ltr'><strong>p.</strong></span> <span class='ocrx_word' id='word_1_302' title='bbox 448 2671 599 2708; x_wconf 80' lang='lat'><strong>19-23-</strong></span> <span class='ocrx_word' id='word_1_303' title='bbox 625 2672 679 2708; x_wconf 87' lang='lat' dir='ltr'><strong>ed.</strong></span> <span class='ocrx_word' id='word_1_304' title='bbox 706 2673 814 2709; x_wconf 77' lang='lat' dir='ltr'><strong>Rutil.</strong></span> <span class='ocrx_word' id='word_1_305' title='bbox 840 2673 929 2721; x_wconf 90' lang='lat' dir='ltr'><strong>Lup.</strong></span> <span class='ocrx_word' id='word_1_306' title='bbox 954 2674 1163 2709; x_wconf 82' lang='lat' dir='ltr'><strong>Frotscher.</strong></span> <span class='ocrx_word' id='word_1_307' title='bbox 1189 2674 1287 2722; x_wconf 86' lang='lat' dir='ltr'><strong>Lips.</strong></span> <span class='ocrx_word' id='word_1_308' title='bbox 1316 2675 1416 2712; x_wconf 76' lang='lat'>1841.</span> <span class='ocrx_word' id='word_1_309' title='bbox 1440 2676 1562 2720; x_wconf 89' lang='lat' dir='ltr'><strong>(Tom.</strong></span> <span class='ocrx_word' id='word_1_310' title='bbox 1586 2678 1685 2713; x_wconf 82' lang='lat' dir='ltr'><strong>Vm.</strong></span> 
     </span>
    </p>
   </div>
  </div>
 </body>
</html>
