1938 3153
1541 190 1598 232 25

244 301 285 358 c)
314 300 457 350 illum,
489 315 544 342 ne
574 302 679 357 quid
713 318 868 359 poenae
901 304 1060 347 subeat
1090 304 1164 345 illa
1179 303 1215 328 ⁸⁵
1239 328 1291 335 -—
1325 303 1350 359 §
1382 304 1436 347 23
1461 333 1509 340 -

243 368 290 425 d)
320 382 387 416 se,
418 374 466 409 ut
499 383 683 424 poenam
715 361 965 414 nsscessario
998 370 1075 413 det
1095 370 1197 426 -§
1230 370 1284 413 23
1311 387 1382 419 -ς

242 436 282 494 e)
312 451 362 479 se
392 451 570 480 causam
602 438 768 490 dicere,
801 446 849 483 ut
879 442 1067 497 prienam
1099 440 1175 482 det
1204 439 1280 481 illa
1300 464 1353 472 —
1377 437 1402 495 §
1435 441 1488 483 24
1514 467 1566 475 -—

228 505 276 564 f)
306 505 426 547 illum
459 505 714 556 defendere,
745 523 799 550 ne
831 522 1018 564 poenam
1050 508 1136 551 det.
1169 507 1193 564 §
1226 507 1292 549 24.

183 576 228 614 ΙΙ.
268 572 422 616 Utrum
467 575 522 616 ab
562 575 847 618 interficiente
879 591 933 618 an
966 578 1020 619 ab
1051 576 1282 619 interfecto
1315 590 1501 631 poenam
1533 593 1658 635 repe-

270 647 363 685 tere
387 643 553 699 justius
586 643 661 693 sit,
694 644 923 699 quaeritur:
955 653 1099 687 utrum
1130 644 1246 686 illius
1278 658 1333 685 an
1366 643 1498 701 hujus
1529 647 1656 690 mise-

270 711 367 753 reri.
399 714 421 763 S
452 710 519 753 25.

183 820 358 859 ἀτέλεστα
381 828 443 859 καὶ
466 822 670 869 ἀνήκουστα
694 829 755 860 καὶ
777 826 884 862 θεοῖς
900 829 962 860 καὶ
982 824 1080 871 ὑμῖν,
1105 822 1329 869 δεόμενος
1353 823 1475 871 ὑμῶν
1499 827 1526 862 οἳ
1541 828 1653 876 αὐτῆ

184 880 357 924 ἑαυτήν
383 880 461 915 οὔκ
483 881 641 916 ἔπεισε
665 885 724 928 μὴ
750 883 1102 926 κακοτεχνῆσαι.
1136 884 1289 923 Gesner,
1308 884 1476 918 Reiskius
1495 888 1543 931 (p.
1558 887 1657 929 852),

183 936 324 972 Lehuer
346 938 554 972 πείθεσθαι
578 945 665 985 post.
695 936 872 984 δεόμενος
895 938 997 984 ὑμῶν
1022 938 1226 974 addendum
1254 945 1415 974 censent.
1465 940 1655 979 Dobreeus

182 995 337 1032 Advers.
363 998 395 1038 Ι,
427 1009 461 1044 p.
491 996 573 1032 168:
609 996 823 1033 ''Excidisse
861 999 1030 1045 suspicor
1067 998 1239 1045 quaedani.
1300 997 1382 1033 Vos
1421 1011 1572 1047 rogans,
1611 1013 1656 1039 ut

182 1064 273 1101 earn
310 1054 360 1088 ab
399 1066 447 1087 eo
487 1055 667 1089 crimine
700 1055 974 1095 absolvatis,
1009 1056 1106 1101 quod
1134 1068 1151 1088 a
1179 1067 1219 1089 se
1250 1057 1327 1102 ipsa
1355 1068 1426 1090 non
1453 1058 1655 1105 impetravit

183 1112 267 1159 quin
293 1111 531 1146 admitteret.”
580 1112 751 1147 Maetzner
775 1113 856 1148 nihil
883 1112 1090 1148 mutandum
1116 1123 1258 1154 censet,
1296 1125 1442 1161 remque
1478 1116 1653 1166 interpre-

181 1170 318 1204 tatione
343 1169 497 1215 expedit.
548 1170 748 1205 Prudenter
773 1172 841 1205 hoc
867 1171 951 1205 facit-
977 1172 1027 1204 xir
1052 1170 1304 1211 doctissimus,
1330 1171 1413 1205 dum
1432 1174 1542 1208 modo
1556 1183 1655 1212 recte

181 1227 443 1272 interpretetur.
493 1226 571 1273 Ego
598 1239 682 1262 vero
710 1228 777 1262 hoc
803 1228 912 1261 modo
945 1229 1062 1262 locum
1096 1228 1344 1273 explicandum
1378 1229 1549 1265 arbitror:
1575 1229 1657 1267 δεό-

179 1294 290 1327 μενος
314 1280 416 1328 ῧμῶν
440 1284 561 1329 [intell.
588 1283 851 1327 κακοτεχνῆσαι
872 1284 1003 1329 ταῦτα]
1028 1283 1054 1317 ἂ
1077 1282 1166 1326 αὐτὴ
1194 1284 1326 1327 ἑαυτὴν
1356 1281 1421 1318 οὐκ
1454 1285 1577 1321 ἔπεισε
1601 1291 1654 1333 μὴ

181 1339 457 1384 κακοτεχνῆσαι.
507 1340 645 1375 Eadem
669 1341 841 1387 loquendi
867 1341 1129 1375 consuetudine
1146 1342 1256 1374 utitur
1274 1340 1459 1387 Antiphon
1477 1346 1522 1384 11,
1546 1348 1584 1389 β,
1616 1346 1660 1381 10

183 1391 300 1431 εἶκαὶ
325 1392 515 1433 εἰκότως
542 1397 622 1443 μὲν,
656 1395 798 1435 ὅντως
833 1394 874 1432 δὲ
908 1399 966 1442 μὴ
1007 1396 1263 1432 ἀπέκτεινα
1293 1398 1359 1432 τὸν
1389 1394 1521 1444 ἄνδρα.
1573 1401 1656 1449 Lys,

181 1453 230 1495 X,
261 1456 301 1488 15
336 1452 401 1489 οὐκ
438 1448 501 1489 οὖν
539 1452 672 1496 δεινὸν,
711 1451 747 1489 εἰ
779 1452 868 1489 ὅταν
895 1454 963 1499 μὲν
998 1451 1063 1503 δὲῃ
1099 1467 1137 1489 σε
1171 1454 1290 1490 κακῶς
1328 1452 1536 1490 ἀκούσαντα
1570 1462 1656 1497 τοὺς

183 1509 340 1558 ἐχθροὺς
364 1511 629 1558 τιμωρεῖσθαι,
657 1510 751 1545 οὕτω
776 1512 861 1547 τοὺς
885 1509 1019 1555 νόμους
1045 1507 1168 1557 ὥσπερ
1195 1509 1264 1557 ἐγώ
1289 1510 1351 1544 νῦν
1375 1510 1497 1556 [⁷ntell.
1520 1512 1658 1563 ἀξιοῖς]

180 1566 458 1614 λαμβάνειν,
498 1566 587 1602 ὅταν
612 1565 644 1602 δ’
672 1567 800 1613 ἕτερον
831 1569 936 1613 παρὰ
961 1569 1046 1603 τοὺς
1076 1566 1211 1611 νόμους
1249 1567 1356 1615 εἴπῃς
1394 1570 1536 1611 κακῶς,
1579 1571 1656 1608 οὐχ

181 1623 335 1665 ἀξιοῖς
367 1622 495 1658 δοῦναι
526 1622 652 1668 &tunm
685 1624 739 1658 Cf.
771 1625 812 1658 R.
838 1624 956 1658 Klotz.
984 1623 1117 1665 Quaest..
1147 1625 1231 1657 (frit.
1258 1636 1291 1668 p.
1317 1624 1348 1658 9.
1374 1636 1430 1670 sq.
1488 1626 1541 1661 De
1567 1640 1652 1663 sen-

181 1682 293 1717 tentia
318 1682 360 1717 ef.
387 1681 612 1729 Antiph.V1,
638 1683 683 1717 47
707 1683 831 1716 καίτοι
853 1679 933 1716 πῶς
957 1678 1002 1714 ἂν
1027 1677 1225 1727 ἅνθρωποι
1243 1678 1500 1728 σχετλιώτεροι
1522 1682 1549 1727 ἢ
1573 1683 1657 1720 dvo-

179 1737 347 1785 μώτεροι
367 1740 544 1784 γένοιντο,
578 1738 711 1774 οἵτινες
735 1736 831 1783 ἅπερ
858 1737 963 1772 αὐτοὶ
989 1736 1084 1782 σφᾶς
1109 1736 1240 1772 αὐτοὺς
1265 1735 1328 1770 οὐκ
1359 1737 1521 1781 ἔπεισαν,
1549 1741 1657 1777 ταῦθ’

179 1794 274 1841 ὑμᾶς
297 1793 443 1837 ἀξιοῦσι
478 1795 627 1835 πεῖσαι,
656 1798 718 1829 καὶ
749 1794 774 1828 εἳ
805 1793 911 1828 αὐτοὶ
941 1793 1035 1840 ἔργῳ
1073 1790 1313 1834 ἀπεὸίκασαν,
1351 1793 1458 1829 ταῦθ’
1484 1794 1577 1840 ὑμᾶς
1601 1812 1658 1833 κε-

180 1852 325 1888 λεύουσι
347 1850 613 1896 καταδικάσαι;
641 1852 775 1887 Contra
801 1865 840 1886 ea
869 1864 912 1886 ex
940 1852 1164 1897 praecedente
1199 1852 1307 1885 verbo
1348 1864 1426 1885 cuin
1466 1857 1656 1901 negatione

183 1909 377 1956 conjuncto
405 1908 671 1955 intelligendum
699 1917 755 1943 est
780 1908 925 1943 verbum
953 1908 1030 1942 sine
1055 1908 1246 1953 negatione
1273 1921 1327 1953 ap.
1357 1910 1499 1955 Antiph.
1519 1913 1562 1951 ΙΙ,
1581 1909 1616 1953 ὃ,
1637 1914 1658 1947 8

180 1969 243 2002 καὶ
280 1964 344 2000 ἐὰν
379 1966 436 2010 μὴ
476 1964 604 2010 φανῶ
639 1964 751 2014 ταύτῃ
788 1965 836 2012 τῇ
859 1967 957 1998 νυκτὶ
985 1962 1024 1997 ἐν
1054 1963 1142 2006 οἴκῳ
1178 1960 1373 1997 καθεύδων
1396 1963 1422 2008 η’
1445 1969 1568 2007 (intell.
1594 1968 1660 2003 ἐὰν

183 2023 304 2069 φανῶ)
329 2020 492 2064 ἐξελθών
513 2035 598 2062 που,
626 2020 797 2068 ὁμολογῶ
822 2023 954 2067 φονεὺς
979 2019 1087 2054 εἶναι.

276 2080 321 2114 85
371 2076 544 2123 δεήσεται
569 2077 705 2124 δ’ύμιῦν
729 2075 835 2114 οὗτος
861 2078 929 2121 μὲν
963 2075 1054 2124 ὑπὲρ
1091 2077 1157 2120 τῆς
1191 2080 1334 2124 μητρὸς
1359 2078 1426 2122 τῆς
1451 2077 1562 2114 αὑτοῦ
1588 2082 1658 2124 ζώ-

182 2151 261 2184 σης,
297 2137 363 2182 τῆς
401 2136 540 2172 ἐκεῖνον
567 2134 863 2183 διαχρησαμένης
891 2132 1057 2182 ἀβούλως
1082 2147 1121 2168 τε
1158 2139 1218 2168 καὶ
1250 2133 1388 2175 ἀθέως,
1418 2133 1521 2173 ὅπως
1552 2136 1660 2184 δίκην

180 2198 231 2240 μὴ
259 2193 312 2239 δῷ
334 2214 349 2222 -
371 2213 387 2221 -
411 2195 592 2239 Sauppius
629 2194 802 2235 (Editorr.
828 2194 982 2233 Tui-icc.)
1022 2192 1112 2225 inter
1150 2189 1447 2237 διαχρησαμένης
1483 2203 1518 2228 et
1549 2195 1660 2241 ἀβού-

181 2252 253 2289 λως
278 2253 436 2288 distinxit
462 2248 794 2297 (διαχρησαμένης,
828 2246 993 2296 ἀβούλως
1025 2245 1132 2291 κτλ),
1167 2257 1202 2282 nt
1229 2248 1509 2297 conjungeretur
1533 2248 1661 2295 δεήσε-

180 2323 244 2345 ται
266 2329 282 2338 -
304 2329 320 2337 -
352 2306 518 2354 ἀβούλως
544 2321 583 2342 τε
612 2312 672 2342 καὶ
706 2307 844 2343 ἀθέως.
892 2306 1001 2348 Quod
1026 2317 1153 2340 vereor
1179 2314 1214 2339 ut
1241 2313 1375 2339 rectum
1404 2308 1467 2341 sit:
1493 2307 1660 2353 ἀβούλως

180 2379 222 2401 τε
252 2368 314 2400 καὶ
345 2363 470 2400 ἀθέως
496 2364 541 2399 ad
567 2362 863 2412 διαχρησαμένης
890 2363 1120 2402 referendum,
1155 2362 1303 2397 videtur.
1367 2364 1418 2397 (f.
1445 2366 1536 2398 enim
1562 2366 1586 2408 ὃ
1615 2367 1657 2400 ‘21

183 2421 308 2459 ἀθέως
332 2426 392 2457 καὶ
418 2419 555 2458 ἀκλεῶς
580 2442 595 2450 -
619 2442 635 2450 -
657 2425 722 2457 τὸν
745 2423 830 2469 βίον
856 2419 1012 2455 ἐκλιπών
1035 2420 1097 2463 (de
1123 2420 1348 2460 interfecto),
1374 2422 1395 2455 h
1434 2422 1453 2455 Ι.
1479 2422 1524 2456 de
1551 2425 1659 2459 inter-

183 2482 334 2516 ficiente.
385 2479 554 2514 Similiter
577 2481 601 2523 S
628 2480 647 2512 3
676 2478 715 2520 ἐξ
739 2476 937 2525 ἐπιβουλῆς
961 2480 1023 2511 καὶ
1046 2475 1259 2524 προβουλῆς
1292 2475 1474 2514 ἀκουσίως
1512 2477 1662 2515 ἀποθα-

182 2538 310 2576 νόντος
334 2559 349 2567 -
373 2558 389 2566 -
415 2536 454 2572 ἐκ
476 2537 656 2585 προνοίας
673 2533 954 2579 ἀποκτεινάσης.
1004 2536 1028 2579 §
1054 2534 1099 2569 22
1122 2533 1197 2567 τῶν
1222 2531 1261 2567 ἐκ
1285 2535 1469 2581 προνοίας
1494 2534 1662 2582 ἀποθνη-

185 2595 357 2631 σκόντων.
409 2595 574 2631 Ceterum
598 2595 630 2628 h.
647 2594 667 2628 l.
687 2605 758 2628 non
776 2593 901 2628 tamid
920 2592 1107 2627 contendit
1132 2599 1338 2631 accusator,
1364 2603 1528 2627 novereae
1554 2594 1660 2628 filium

183 2639 350 2697 ἀβούλως
374 2664 415 2686 τε
439 2654 500 2686 καὶ
525 2649 649 2686 ἀθέως
667 2646 839 2690 δεῖσθαι,
868 2660 973 2695 quam
992 2658 1033 2683 se
1050 2649 1167 2695 ipsum
1186 2644 1406 2695 δικαιότερα
1423 2661 1529 2695 quam
1548 2651 1661 2685 iilum:

187 2708 230 2743 cf.
256 2709 280 2751 S
307 2709 350 2743 21
378 2710 450 2743 init.

1441 2755 1459 2783 :5
