1938 3153
1512 179 1571 222 63

209 309 255 367 d)
286 307 404 351 Tum
431 322 601 351 mecum
630 307 673 351 in
702 308 888 366 gratiam
916 306 1153 350 redierunt.
1185 304 1209 361 ἕ
1238 304 1345 347 39-
1353 305 1409 348 40
1423 305 1471 348 ⁵⁰.

239 376 298 420 Ut
329 377 354 433 ἕ
383 378 490 420 34-
498 377 554 420 40
600 376 862 419 narrationis
897 375 1090 431 speciem
1122 387 1214 429 prae
1245 387 1294 415 se
1323 373 1479 422 ferunt,
1510 373 1571 415 ita
1600 373 1627 429 ξ

237 446 345 488 41-
354 447 408 488 50
439 444 793 486 confirmationis.
859 442 1136 497 Usurpantur
1168 441 1279 483 enim
1305 447 1558 497 argumenta
1574 440 1626 482 ἐκ

235 514 440 567 νομίμου,
469 513 517 555 ἐκ
548 514 747 571 σημείου,
778 511 826 553 ἐκ
855 510 1109 567 τεκμηρίου,
1140 508 1187 560 ἐξ
1216 507 1398 556 εἰκότος.

178 584 220 637 β)
253 583 298 639 a)
330 582 490 638 Regem
523 583 677 639 injuria
710 579 1051 637 reprehendunt.
1082 578 1105 634 ἓ
1135 577 1319 621 41-43.

209 650 250 706 b)
283 650 355 691 Me
386 649 459 691 diu
494 656 595 705 post
625 649 776 691 initum
809 648 864 688 ab
903 646 1147 701 excipiente
1178 660 1281 701 rege
1306 645 1624 701 magistratum,

235 718 435 773 quamvis
469 718 648 768 licuerit,
681 731 767 759 non
799 720 1064 759 accusarunt
1079 713 1128 756 ⁵¹.
1160 713 1184 769 ξ
1214 714 1401 756 43-45.

147 829 255 866 εὐθὺς
278 829 332 879 τῇ
356 828 583 875 ὑστεραίᾳ
607 824 634 878 ᾗ
661 827 680 864 ὁ
704 830 795 865 παῖς
823 826 1025 865 ἐθάπτετο.
1075 827 1190 862 Codd.
1215 833 1252 862 et
1275 826 1368 862 Edd.
1384 821 1423 876 ᾖ.
1474 825 1529 860 De
1552 826 1623 860 hoc

144 889 227 923 loco
257 889 400 922 Bastius
430 887 532 921 Proef.
571 887 614 920 ad
647 887 762 933 Epist.
789 888 864 921 crit.
890 900 924 934 p.
951 887 1018 922 V11
1043 885 1113 928 (ed.
1142 885 1304 927 Schaec),
1338 885 1548 920 Stallbaum.
1576 884 1622 919 ad

146 946 236 981 Piae.
264 946 436 992 Sympos.
467 945 543 978 173.
568 945 599 979 A
624 945 695 984 (ed.
722 944 773 986 3),
800 944 922 978 Baiter
947 944 991 979 ad
1017 945 1048 979 h.
1074 945 1096 979 1.
1121 950 1156 978 et
1182 943 1227 978 ad
1254 942 1337 989 Lys.
1355 942 1459 984 XIX,
1486 941 1622 976 22‘du-

142 1004 268 1045 bisant,
293 1001 554 1049 an'legendum
580 1002 627 1037 sit
650 1000 676 1046 ἢ
697 996 736 1050 ᾖ.
787 1002 841 1036 Ac
866 1000 1065 1037 Scheibens
1092 1002 1125 1037 in
1151 1001 1205 1037 ed.
1220 1001 1244 1036 1.
1263 1001 1414 1036 oration.
1440 1000 1623 1047 Lysiacar.

143 1061 166 1096 l.
191 1061 211 1095 1.
235 1059 262 1103 ἢ
283 1056 311 1108 ᾗ
334 1061 477 1105 recepit.
530 1060 699 1094 Maetzner
724 1059 769 1093 ad
794 1060 826 1093 h.
852 1060 871 1093 1.
897 1061 946 1105 (p.
973 1060 1057 1103 267)
1079 1058 1105 1103 ἦ
1130 1059 1302 1105 particula
1328 1070 1420 1104 opus
1447 1070 1530 1092 esse
1556 1069 1619 1092 ne-

143 1125 220 1164 gat;
247 1118 354 1151 nihiio
382 1125 498 1150 tamen
529 1117 643 1150 minus
669 1116 722 1150 sic
748 1117 919 1161 explicat:
942 1116 990 1163 τῇ
1018 1114 1193 1161 ὑστεραίᾳ
1217 1115 1352 1158 ταύτης
1385 1114 1452 1158 τῆς
1476 1112 1621 1161 ἡμέρας

144 1173 182 1209 ἐν
205 1168 232 1222 ᾖ
257 1170 279 1207 ὁ
301 1175 391 1208 παῖς
423 1171 623 1206 ε’θάπτετο.
674 1174 804 1215 (Aliter
826 1172 873 1220 τῇ
896 1171 1072 1219 ὑστεραίᾳ
1094 1167 1122 1220 ᾗ
1145 1174 1390 1219 accipiendum
1417 1179 1474 1206 est
1498 1174 1523 1216 ᾗ
1549 1172 1619 1214 34).

144 1232 193 1267 At
217 1232 349 1266 rectius
376 1231 543 1264 scribitur
566 1229 612 1278 τῇ
636 1227 812 1277 ὑστεραίᾳ
835 1227 862 1273 ἢ
885 1226 905 1263 ὁ
929 1230 1019 1265 παῖς
1046 1227 1247 1265 ἐθάπτετο.
1298 1229 1466 1265 Similiter
1491 1229 1617 1264 Schei-

142 1290 233 1323 beus
272 1289 305 1322 in
343 1288 451 1322 altera
491 1288 631 1321 demum
669 1288 827 1321 editione
858 1286 943 1332 Lys.
974 1298 1025 1320 or.
1048 1285 1154 1326 XIX,
1181 1288 1237 1321 22.
1287 1288 1339 1321 Ac
1366 1288 1410 1322 de
1436 1288 1502 1322 hac
1528 1289 1618 1322 scri-

143 1346 251 1380 bendi
289 1346 425 1379 ratione
464 1345 600 1390 cogitat
637 1344 846 1378 Stalibaum.
883 1354 1029 1389 quoque
1066 1343 1112 1377 ad
1151 1343 1242 1378 piat.
1281 1344 1518 1391 Symp.1.1.,
1543 1357 1616 1392 quo

143 1404 223 1449 ipso
262 1403 296 1436 in
333 1404 415 1436 loco
452 1413 496 1435 ex
535 1402 747 1436 auctoritate
785 1401 1017 1448 plurimorum
1054 1400 1160 1435 codd.
1191 1401 1383 1448 legendum
1407 1402 1549 1440 videtur
1571 1401 1620 1451 τῇ

142 1460 319 1504 ὑστεραίᾳ
343 1456 369 1502 ἢ
388 1459 435 1492 τοὶ
461 1457 622 1492 ἐπινίκια
649 1458 769 1492 ἔθυεν.
821 1458 873 1492 Cf.
899 1458 989 1492 enim
1023 1464 1152 1503 praeter
1182 1469 1248 1492 eos
1280 1459 1402 1500 locos,
1429 1471 1523 1506 quos
1549 1461 1570 1495 1.
1596 1461 1617 1495 1.

142 1516 258 1550 attulit
283 1515 427 1555 stallb„
454 1515 538 1561 Lys.
562 1515 666 1555 XIX,
693 1517 738 1550 5⁶2
763 1513 900 1549 ἐλάττω
923 1515 992 1560 γὰρ
1027 1511 1155 1548 οὗοιάν
1183 1513 1354 1550 κατέλιπε
1384 1518 1465 1552 τοῖς
1487 1521 1620 1552 παισὶν

140 1571 167 1617 ἢ
190 1571 297 1608 αὐτὸς
322 1574 426 1619 παρὰ
451 1571 526 1606 τῶν
549 1570 897 1619 ἐπιτροπευσάντων
914 1569 1138 1617 παρέλαβεν.
1185 1571 1356 1619 Hyperid.
1376 1572 1513 1609 Euxen.
1538 1574 1619 1610 Col.

141 1630 195 1664 19.
222 1625 512 1675 εἰσαγγέλλονται
547 1626 595 1665 ὥς
628 1627 783 1664 πλέονος
818 1627 1041 1672 μισθοῦντες
1067 1629 1134 1663 τὰς
1159 1625 1381 1674 αὐλητρίδας
1404 1628 1432 1674 ἢ
1455 1629 1474 1664 ὁ
1500 1630 1616 1676 νόμος

138 1684 293 1725 κελεύει,
321 1685 379 1719 ubi
407 1685 567 1720 Cobetus
594 1686 772 1720 Mnemos
798 1685 841 1720 11.
866 1698 900 1731 p.
927 1684 995 1719 320
1020 1685 1153 1719 frustra
1178 1683 1204 1729 ἢ
1235 1683 1345 1720 ὅσου
1371 1684 1391 1721 ὁ
1419 1687 1534 1732 νόμος
1558 1701 1617 1723 κε-

138 1741 235 1778 λευει
257 1754 394 1789 ponere
420 1743 503 1777 vult.
557 1743 608 1777 Cf.
635 1744 895 1778 Schneidewin.
927 1743 960 1776 in
993 1742 1122 1777 Ρ1ιίΙο1
1150 1742 1246 1777 Vlll.
1271 1756 1305 1789 p.
1330 1743 1411 1778 343.
1461 1748 1502 1780 In
1528 1747 1612 1781 loco

138 1798 327 1834 Deinostli.
355 1798 433 1834 adv.
460 1799 606 1834 Macart.
634 1812 684 1834 or.
711 1799 756 1835 43
782 1799 800 1845 §
828 1800 873 1833 62
899 1798 1090 1846 legendum
1116 1799 1256 1834 videtur
1289 1799 1336 1848 τῇ
1375 1798 1553 1847 ὑστεραίᾳ
1589 1805 1613 1850 ῄ

136 1856 182 1891 ἀν
202 1856 439 1903 προθῶνται,
466 1857 523 1891 ubi
548 1855 574 1900 ἢ
597 1854 642 1891 ἀ’ν
667 1870 820 1905 graeeum
846 1870 917 1892 non
936 1865 1037 1892 esset
1062 1857 1121 1899 (cf.
1148 1857 1326 1892 Buttmann.
1354 1858 1398 1893 ad
1428 1858 1615 1894 Demosth.

137 1914 224 1948 Mid.
251 1920 322 1947 not.
351 1913 405 1946 99.
432 1925 462 1957 p.
494 1915 563 1956 76),
587 1912 613 1957 ἢ
636 1909 663 1961 ᾗ
686 1912 732 1947 ἄν
753 1915 1036 1959 repugnantibus
1063 1914 1164 1948 libris
1187 1914 1287 1948 MSS
1306 1927 1613 1961 supervacaneum

136 1977 247 2004 esset.
307 1968 478 2003 Nimirum
516 1970 548 2003 in
588 1971 785 2012 sententia,
826 1971 885 2005 ubi
927 1970 972 2005 de
1009 1982 1048 2005 re
1085 1971 1251 2006 universa
1277 1979 1412 2019 agatur,
1437 1973 1491 2008 vel
1515 1968 1544 2022 ᾗ
1567 1970 1615 2008 ἅν

134 2028 345 2072 scripturam
372 2039 479 2072 prave
505 2028 759 2072 interpretandi
788 2029 891 2073 copia
916 2029 973 2061 vix
999 2029 1075 2062 erit.

229 2085 274 2117 50
323 2083 341 2128 ξ
367 2085 414 2117 40
438 2105 453 2111 -
479 2105 495 2110 -
520 2082 581 2120 οὓς
606 2083 707 2131 ἑώρα
728 2097 796 2129 μοι
817 2085 863 2133 τῇ
888 2086 1056 2131 προτέρα
1092 2083 1263 2121 συνόντας
1298 2089 1360 2120 καὶ
1397 2083 1613 2133 διαλεγομέ-

133 2154 229 2177 νους.
290 2142 382 2176 Post
420 2143 493 2177 haec
531 2144 638 2177 verba
676 2143 838 2189 Sauppio
877 2143 1015 2177 videtur
1052 2143 1184 2178 deesse
1220 2144 1513 2179 ΜΑΡΤΤΡΕΣ
1553 2146 1609 2180 cll.

133 2199 151 2243 §
185 2201 223 2231 15
250 2206 286 2232 et
312 2199 356 2239 V,
381 2199 435 2232 61.
487 2201 536 2233 At
560 2209 736 2246 repugnat
762 2200 815 2239 id,
841 2200 937 2245 quod
964 2200 1053 2233 infra
1079 2200 1218 2240 dicitur,
1242 2200 1359 2233 ταῦτα
1379 2201 1449 2247 γὰρ
1477 2199 1519 2234 οὗ
1542 2200 1613 2245 μό-

130 2267 195 2289 νον
217 2253 397 2301 μάρτυσιν
420 2253 508 2301 ὑμίν
529 2254 765 2298 ἀποδείξω
796 2253 871 2290 κτλ.
922 2255 1142 2298 Concedam,
1180 2256 1312 2293 deesse
1348 2260 1471 2305 potius
1509 2258 1608 2304 eius-

132 2311 228 2346 modi
254 2312 392 2346 titulum
419 2312 437 2358 §
463 2314 509 2348 43
535 2324 620 2360 post
647 2327 699 2348 vm
726 2310 778 2350 εἷς
798 2315 865 2350 τὰς
891 2313 1060 2351 εὐθύνας.
1111 2315 1162 2351 Cf.
1188 2315 1235 2356 V,
1260 2315 1316 2350 61.

226 2368 266 2399 '71
319 2368 337 2413 ξ
365 2371 451 2401 -15-
478 2391 494 2397 -
520 2375 581 2404 καὶ
607 2368 783 2407 εἰσιόντες
821 2384 859 2406 οι
894 2370 1087 2418 βουλευταὶ
1119 2371 1406 2418 προςεὺχονται,
1435 2368 1486 2406 οἷν
1508 2372 1609 2420 κᾶγο)

129 2421 183 2460 εἷς
205 2418 251 2467 ἦν
275 2421 295 2458 ὁ
320 2423 435 2459 ταῦτοὶ
458 2425 634 2471 πράττων
658 2432 720 2462 καὶ
759 2425 811 2464 εἰς
844 2426 958 2463 τᾶλλα
976 2426 1077 2494 ..med
1106 2428 1227 2463 πάντα
1252 2425 1377 2463 εἶσιων
1408 2431 1504 2474 μετὰ
1541 2430 1610 2474 τῆς

127 2480 261 2527 βουλῆς
288 2485 349 2516 καὶ
375 2481 481 2516 θῦων
502 2487 564 2517 καὶ
601 2482 796 2528 εὐχόμενος
821 2484 915 2531 νπὲρ
945 2486 1012 2529 τῆς
1041 2484 1186 2521 πόλεως
1219 2498 1376 2529 ταυτης,
1413 2489 1476 2521 καὶ
1511 2489 1611 2534 πρὸς

125 2551 271 2575 τουτοις
294 2551 544 2585 πρυτανευσας
570 2541 639 2583 τήν
658 2553 813 2589 πρωτην
835 2545 1061 2591 πρυτανείαν
1084 2542 1232 2577 ἅπασαν
1256 2540 1353 2586 πλὴν
1386 2540 1492 2578 δυοῖν
1515 2542 1607 2589 ἦμέ·

125 2607 211 2639 ραιν
234 2600 296 2629 καὶ
322 2593 525 2642 ἱεροποιῶν
545 2600 607 2630 καὶ
631 2596 736 2632 θύων
758 2596 849 2644 ὑπὲρ
874 2599 942 2643 τῆς
966 2597 1239 2645 δημοκρατίας,
1273 2603 1335 2633 καὶ
1362 2599 1607 2647 ἐπιψηφίζων

124 2649 200 2684 κτλ.
259 2652 312 2687 Ex
338 2654 395 2688 iiia
422 2655 689 2702 participiorum
717 2657 823 2702 copia
849 2657 925 2692 haec
949 2669 994 2692 ex
1019 2667 1120 2703 aequo
1147 2657 1239 2692 inter
1264 2669 1306 2693 se
1332 2659 1516 2705 particuiis
1541 2662 1605 2692 καὶ

123 2709 288 2753 copulata
315 2719 416 2746 sunt:
441 2711 618 2761 πράττων
637 2720 670 2752 -1-
693 2718 754 2748 καὶ
776 2711 980 2762 ιἐροποιοῖν
1004 2717 1066 2749 καὶ
1078 2713 1183 2749 θύων
1205 2722 1240 2755 -Ι-
1267 2714 1511 2763 ἕπιψηφίζων
1526 2715 1604 2753 κτλ.
