1938 3153
323 185 383 231 60

265 308 385 344 ctum
419 306 533 352 erat,
566 316 667 353 eos,
699 302 775 358 qui
806 301 971 346 chorus
1004 310 1330 361 erant,pueros
1350 306 1468 350 domi
1495 322 1589 351 suae
1606 306 1753 351 alebat

266 376 313 411 et
343 370 615 413 instituebat.
676 370 762 413 Ubi
795 386 930 427 quum
963 387 1019 413 ex
1050 373 1189 415 choro
1222 388 1333 429 puer
1354 375 1552 430 quidam,
1576 377 1749 419 nomine

208 450 214 455 ’
264 437 519 488 Diodotus,
566 453 737 481 veneno
784 438 946 482 hausto
979 447 1180 483 mortuus
1222 449 1354 488 esset,
1386 442 1521 485 frater
1553 445 1676 500 pueri
1709 451 1753 486 et

271 506 514 562 propinqui
562 508 657 562 ejus
714 507 965 564 Choragum
997 508 1270 564 βουλεύσεως
1315 523 1598 560 accusarunt,
1630 511 1751 568 quod

265 589 453 630 puerum
487 589 655 617 veneno
687 575 1008 619 absumendum
1039 585 1251 620 curasset.
1312 578 1468 621 Partes
1493 578 1629 636 hujus
1652 594 1747 622 ora-

265 643 400 684 tionis
433 650 537 684 sunt

323 711 639 768 Προοίμιον.
671 710 694 767 ἓ
731 711 880 755 1-10.

262 779 294 821 Ι.
354 779 386 834 ¹)
419 779 464 836 a)
496 780 802 822 Periculosum
834 787 903 823 est
918 783 1191 837 temporibus
1209 783 1438 838 implicari,
1458 784 1626 826 etiamsi
1644 785 1743 840 quis

352 848 436 889 sibi
467 848 673 890 conscius
699 848 767 895 sit,
786 848 893 889 nihil
908 847 1115 890 facinoris
1133 863 1157 890 a
1175 864 1223 891 se
1240 851 1522 892 commissum
1541 866 1650 893 esse.
1668 852 1691 907 ἓ
1712 853 1744 893 1.

324 916 366 973 b)
398 915 465 957 De
496 916 641 972 legum
675 917 941 972 praestantia.
974 917 997 972 ξ
1028 916 1066 959 2.

321 983 357 1033 ²)
390 983 710 1026 Gravissimum
741 991 809 1027 est
841 984 1073 1041 diligenter
1105 985 1161 1027 de
1191 1000 1238 1028 re
1271 986 1531 1041 quaerere41.
1563 987 1587 1043 ξ
1617 987 1743 1030 3-6.

350 1050 428 1093 ἐπὶ
459 1051 509 1093 τὸ
541 1055 793 1108 προσέχειν.

262 1119 314 1160 11.
347 1120 448 1161 Non
496 1119 686 1161 civitat-is
733 1120 965 1161 utilitatem
1013 1126 1267 1175 spectant-es
1299 1121 1513 1163 actionem
1545 1123 1745 1165 institue-

347 1193 451 1230 runt
481 1192 786 1236 accusatores,
818 1187 898 1229 sed
932 1188 1001 1230 sui
1033 1188 1312 1231 emolumenti
1328 1203 1463 1232 causa
1481 1189 1613 1245 4².§7
1622 1191 1742 1234 -10.

346 1255 462 1312 πρὸς
499 1253 688 1297 εὔνοιαν.
726 1256 962 1309 κακολογία
994 1256 1035 1312 (§
1069 1258 1126 1309 7).
1145 1255 1440 1313 -πρόθεσις
1470 1257 1512 1313 (§
1542 1258 1599 1311 8).
1632 1273 1741 1315 προ-

348 1323 600 1381 κατάληψις
636 1322 678 1379 (§
700 1324 871 1379 9-10).

316 1388 631 1444 ἀπαγγελία.
665 1392 688 1447 §
724 1393 902 1434 11—13.

347 1458 587 1512 Quomodo
603 1459 789 1502 chorum
811 1460 1154 1516 comparaverit,
1172 1461 1437 1512 exercuerit,
1454 1462 1609 1505 aluerit
1625 1477 1743 1514 reus,

343 1537 558 1569 narratur.

313 1596 606 1651 βεβαίωσις
636 1594 737 1651 (τῶν
771 1608 1061 1652 κατηγορουμ.
1094 1593 1210 1651 λύσ.)
1240 1595 1265 1651 §
1291 1595 1470 1638 14-51.

256 1663 288 1705 1.
350 1663 383 1718 ¹)
407 1663 452 1720 a)
486 1664 651 1706 Verum
684 1679 709 1706 a
739 1678 807 1705 me
841 1663 1004 1705 dictum
1037 1679 1149 1712 esse,
1181 1679 1262 1706 nec
1278 1672 1561 1707 accusatores
1579 1680 1739 1721 negare

344 1737 565 1788 poterunt,
598 1738 642 1774 et
670 1731 719 1780 ii,
752 1731 827 1788 qui
857 1731 1162 1781 circumstant,
1193 1732 1334 1788 probe
1366 1732 1522 1775 sciunt.
1553 1731 1659 1788 514.

316 1800 360 1857 h)
391 1801 486 1843 Nec
516 1800 726 1855 imperavi
759 1814 920 1855 puero,
952 1806 999 1841 ut
1031 1814 1245 1842 venenum
1277 1800 1467 1850 biberet,
1498 1816 1579 1842 nec
1600 1801 1737 1857 coegi,

343 1880 425 1908 nec
457 1865 560 1907 dedi
593 1866 763 1915 bibere,
795 1881 875 1909 nec
906 1866 1099 1909 bibendo
1131 1866 1263 1909 adfui.
1298 1867 1321 1923 ς
1348 1868 1409 1910 15.
1437 1893 1481 1900 -
1506 1870 1737 1926 μαρτυρία.

312 1934 348 1985 ²)
379 1934 469 1977 Sed
518 1934 580 1975 illi
627 1940 769 1976 tamen
814 1935 953 1991 jurati
998 1934 1225 1984 dixerunt,
1257 1950 1282 1978 a
1312 1951 1380 1978 me
1412 1951 1597 1992 puerum
1629 1937 1736 1979 dolo

341 2002 457 2043 malo
489 2002 764 2045 interfectum
797 2017 898 2045 esse
913 2002 962 2044 ⁴³.
995 2002 1018 2058 ξ
1054 2003 1231 2045 16—17.

348 2128 392 2162 41
442 2128 467 2169 §
493 2130 514 2162 4
543 2126 635 2162 ὥστε
674 2133 735 2163 καὶ
774 2127 820 2163 ἄν
853 2140 911 2164 τις
942 2129 1063 2177 κτείνῃ
1103 2130 1187 2162 τινὰ
1213 2123 1264 2162 ὦν
1300 2126 1410 2163 αὐτὸς
1436 2130 1568 2175 κρατεῖ
1588 2132 1737 2174 καὶμὴ

251 2185 378 2221 ἔστιν
415 2183 435 2220 ὁ
470 2184 707 2233 τιμωρήσων.
768 2189 845 2221 Καὶ
876 2185 975 2222 ἔστιν
998 2198 1070 2222 non
1095 2186 1242 2221 tolerari
1267 2191 1393 2233 potest
1417 2192 1503 2233 post
1529 2184 1576 2221 ἂν
1599 2187 1736 2237 κτείνῃ,

254 2256 364 2290 quare
391 2251 451 2276 aut
476 2243 621 2277 Baitero
649 2245 920 2279 assentiendum
947 2251 1004 2279 est
1030 2245 1236 2291 conjectura
1256 2251 1426 2278 assecuto
1453 2240 1527 2279 κεί
1546 2246 1597 2289 μὴ
1623 2243 1734 2285 ἔστιν,

253 2306 315 2336 aut
340 2299 570 2334 scribendum
594 2298 678 2334 κᾶν
700 2298 840 2345 μήτις
863 2295 902 2348 ᾗ.
955 2301 1134 2343 (ECTIN
1151 2316 1193 2332 =
1217 2301 1395 2344 HITIC).

348 2360 395 2394 42
444 2358 463 2404 ξ
490 2358 510 2391 8
536 2357 666 2393 ἔπειτα
687 2361 776 2405 περὶ
797 2357 873 2392 τῶν
894 2354 1011 2391 ἄλλων
1035 2352 1086 2391 ὦν
1110 2351 1213 2391 οὗτοι
1236 2359 1514 2406 κατηγοροῦσιν,
1551 2357 1617 2393 ἐὰν
1653 2355 1739 2404 ὑμῖν

250 2413 451 2460 ἡδομένοις
468 2410 554 2463 [ᾖ],
572 2412 805 2460 βουλήσομαι
824 2412 1148 2460 ἀπολογήσασθαι.
1200 2414 1259 2448 Sic
1280 2415 1407 2457 Bekk„
1433 2415 1571 2458 Dobs.,
1597 2415 1739 2455 Reisk.,

250 2473 432 2508 Maetzner.
482 2472 598 2507 Codd.
624 2472 659 2507 N
678 2474 711 2507 A
729 2472 758 2507 B
778 2472 806 2507 Z
824 2471 864 2507 M
888 2485 919 2506 v.
943 2465 970 2519 ᾗ
996 2472 1181 2513 omittunt,
1206 2472 1437 2520 similiterque
1457 2473 1596 2508 Turiccv
1617 2472 1674 2506 cll.
1688 2472 1737 2513 V,

250 2532 314 2574 323
341 2532 395 2565 91.
422 2531 544 2566 Recte.
594 2530 646 2565 Cf.
673 2531 821 2577 Antiph.
846 2529 894 2571 V,
920 2529 975 2563 88.
1001 2529 1064 2570 Vl,
1090 2531 1130 2572 4;
1155 2529 1187 2564 6.
1216 2531 1357 2566 Andoc.
1383 2533 1417 2573 1,
1443 2531 1522 2565 134.
1547 2530 1592 2571 11,
1619 2530 1672 2563 10.
1698 2536 1735 2564 et

248 2589 433 2625 Maetzncr.
484 2587 724 2623 commentar.
750 2600 784 2634 p.
810 2586 879 2621 216
905 2599 959 2632 sq.

344 2645 391 2681 43
442 2645 467 2688 ἕ
495 2644 537 2679 16
563 2641 800 2689 διωμόσαντο
825 2640 866 2679 δὲ
894 2638 999 2679 οὗτοι
1020 2642 1089 2688 μὲν
1113 2640 1332 2679 ἀποκτεῖναι·
1360 2656 1408 2689 με
1432 2639 1618 2679 Διόδοτον
1652 2646 1738 2690 βου-

248 2703 428 2741 λεύσαντα
451 2704 518 2739 τὸν
541 2699 720 2744 θάνατον,
760 2700 830 2750 ἐγώ
858 2698 898 2737 δὲ
923 2701 975 2747 μὴ
1000 2698 1230 2744 ἀποκτεῖναι,
1270 2698 1365 2746 μήτε
1399 2704 1527 2749 ,χειρὶ
1561 2698 1736 2750 ἀράμε-
