1938 3153
304 194 354 234 12

241 315 314 351 tea
359 307 531 350 fuisset.
594 308 778 352 Varium
823 315 969 352 autem
1015 315 1059 351 et
1102 310 1310 353 mutabile
1343 324 1517 366 semper
1546 307 1721 366 plebem

244 390 344 417 esse
391 383 539 427 ratus,
586 392 720 434 quum
766 377 888 419 nulla
918 391 965 418 re
998 383 1290 434 praeterquam
1323 379 1522 420 oratione
1553 378 1720 419 animos

243 444 470 486 hominum
501 447 735 502 temperari
767 445 957 494 videret,
989 444 1045 486 ad
1078 460 1185 486 sana
1216 446 1399 486 consilia
1423 447 1635 502 populum
1659 445 1722 487 di-

205 533 207 535 ·
242 512 387 555 cendo
419 513 646 570 impellere
678 520 753 555 aut
785 527 973 555 avocare
1005 512 1121 568 apud
1150 513 1336 554 animum
1360 528 1486 555 suum
1511 515 1721 555 statuisse

243 581 463 624 dicitur³⁹.
523 578 759 623 Εἰσελθὼν
788 573 868 623 οὖν
903 606 947 613 -
983 582 1124 637 inquit
1155 580 1307 622 rhetor
1339 604 1383 612 -—
1410 580 1457 623 ἐν
1487 583 1540 639 τῇ
1570 581 1722 639 ἐκκλη-

244 650 341 706 σίᾳ,
387 639 491 706 ἕνῇ
538 646 562 690 ὃ
608 649 697 696 πᾶς
742 650 1060 706 συνηθροίσθη
1107 649 1264 707 δῆμος,
1311 647 1503 706 ἤρξατο
1541 648 1722 702 λόγοις

242 717 510 774 πρότερον
540 718 1057 774 θεραπευτικοῖς
1094 716 1183 759 καὶ
1227 717 1723 765 κολακευτικοῐς

242 785 334 843 τὴν
368 784 661 842 ἐκκλησίαν
700 784 788 828 καὶ
818 785 875 827 τὸ
922 786 1230 842 θορυβῶδες
1276 787 1721 842 καταπραῦναι

241 855 334 895 τοῦ
365 852 559 911 δήμου·
606 850 763 897 ἅτινα
811 853 898 897 καὶ
943 855 1260 911 προοίμια
1307 854 1547 897 ἐκάλεσε·
1591 853 1721 907 μετὰ

243 921 299 964 δὲ
343 921 400 963 τὸ
448 925 823 980 καταπραῦναι
869 922 956 965 καὶ
1008 924 1365 980 κατασιγῆσαι
1408 922 1500 964 τόν
1553 923 1721 980 δῆμον

244 989 434 1049 ἤρξατο
466 992 596 1047 περί
641 981 708 1034 ὧν
753 992 863 1034 ἔδει
907 990 1301 1046 συμβουλεύειν
1345 992 1412 1046 τῷ
1458 990 1602 1049 δήμῳ
1635 989 1721 1033 καὶ

242 1059 459 1111 λέγειν
491 1056 554 1105 ὥς
584 1058 637 1100 ἐν
669 1058 919 1116 διηγήσει
950 1057 1036 1100 καὶ
1066 1059 1196 1112 μετὰ
1227 1060 1386 1101 ταῦτα
1418 1056 1721 1113 α’νακεφα-

243 1126 603 1169 λαιοῦσθαι
652 1125 754 1169 καὶ
806 1124 1325 1185 ἀναμιμνήσκειν
1370 1128 1423 1170 ἐν
1472 1125 1719 1182 συντόμῳ

243 1193 371 1250 περὶ
400 1194 500 1235 τῶν
531 1193 863 1248 φθασάντων
884 1192 970 1235 καὶ
991 1191 1077 1236 ὑπ’
1098 1193 1231 1251 ὄψιν
1252 1195 1400 1247 ἄγειν
1420 1194 1479 1237 τὰ
1506 1196 1721 1247 λεχθέν-

246 1277 307 1304 τα
352 1263 419 1317 τῷ
463 1260 631 1319 δήμῳ,
662 1257 798 1319 ἅπερ
831 1262 1051 1305 ἐκάλεσε
1095 1262 1469 1319 προοίμιον,
1515 1262 1722 1321 διήγη-

245 1343 368 1382 σιν,
397 1327 1441 1387 ἀγῶνας,παρέκβασιν,ἐπίλογον.
1473 1331 1719 1389 Προλεγόμ.

245 1401 323 1457 τῆς
347 1398 643 1456 <Ερμογένους
674 1397 918 1457 ῥητορικῆς.
969 1399 1107 1442 Walz.
1140 1400 1212 1446 IV,
1243 1401 1284 1441 ll
1315 1414 1379 1455 sq.
1444 1400 1549 1442 Haec
1586 1416 1721 1456 supra

245 1468 569 1523 Hermogenem
604 1481 689 1508 non
723 1468 859 1522 repeti
893 1476 1092 1523 apertum
1125 1475 1203 1509 est..
1264 1467 1329 1509 Ea
1362 1477 1526 1518 autem,
1551 1484 1604 1510 ex
1628 1469 1721 1524 qui-

245 1537 330 1577 bus
378 1549 460 1576 sua
506 1534 746 1589 exscripsit
790 1535 1210 1588 Prolegomenorum
1252 1544 1425 1581 auctor,
1459 1536 1552 1577 sine
1585 1536 1720 1577 dubio

246 1610 289 1646 et
310 1604 407 1659 ipsa
440 1617 495 1644 ex
527 1601 681 1643 rivulis
716 1603 851 1657 petita
883 1611 1005 1647 suut,
1038 1617 1125 1643 non
1159 1617 1212 1644 ex
1243 1602 1342 1658 ipso
1367 1601 1487 1643 fonte
1511 1602 1719 1644 derivata.

247 1671 388 1724 Quam
437 1671 494 1712 ob
541 1685 630 1711 rem
679 1684 777 1726 quae
822 1671 865 1711 in
910 1671 1237 1726 prolegomenis
1269 1671 1355 1711 illis
1390 1679 1637 1719 narrant-ur,
1671 1678 1721 1712 ea‘

247 1740 422 1795 quoties
469 1753 601 1794 quam
647 1738 770 1779 vario
803 1738 936 1779 modo
968 1738 1200 1784 mutando,
1233 1738 1449 1786 curando,
1483 1738 1720 1789 demendo,

244 1805 558 1862 interpolando
605 1805 826 1861 corrumpi
858 1807 1100 1861 potuerint,
1134 1813 1336 1861 apparet,
1370 1814 1434 1847 tot
1467 1807 1627 1848 seculis
1658 1807 1721 1848 in-

245 1875 463 1931 terjectis,
496 1888 552 1916 ex
582 1888 671 1929 quo
705 1888 773 1921 ea,
806 1888 905 1929 quae
938 1875 1122 1929 primum
1156 1874 1211 1916 de
1233 1874 1399 1916 Corace
1423 1875 1581 1917 tradita
1605 1883 1720 1926 sunt,

244 1941 482 1984 verisimile
530 1948 598 1981 est
645 1942 867 1983 memoriae
906 1956 1005 1982 esse
1037 1942 1252 1984 mandata.
1316 1943 1398 1984 Vel
1432 1944 1574 1984 obiter
1607 1944 1720 1984 intu-

246 2011 333 2053 enti
366 2008 643 2051 manifestum
676 2009 775 2056 erit,
808 2024 936 2064 quam
971 2009 1075 2051 nihil
1108 2010 1191 2051 sibi
1222 2010 1318 2065 ipse
1351 2018 1560 2052 constans
1590 2011 1720 2053 fuerit

245 2079 319 2121 ille
367 2077 790 2132 Prolegomenorum
837 2078 1041 2134 scriptor.
1104 2077 1189 2129 Qui
1237 2093 1368 2133 quum
1416 2078 1623 2120 Coracem
1657 2079 1721 2119 di-

245 2148 360 2189 xerit
392 2146 615 2201 primum
647 2144 794 2198 λόγοις
823 2148 1165 2201 θεραπευτικοῖς
1195 2144 1267 2187 καὶ
1298 2146 1619 2194 κολακευτικοῖς
1641 2146 1721 2205 τὴν

246 2213 483 2270 ἐκκλησίαν
515 2211 588 2253 καὶ
618 2211 668 2252 τὸ
705 2214 957 2269 θορυβῶδες
987 2214 1288 2270 καταπραῦναι
1318 2214 1397 2255 τοῦ
1418 2214 1580 2272 δήμου,
1614 2223 1719 2256 tum

246 2283 388 2335 λέγειν
421 2279 475 2328 ὡς
505 2279 552 2321 ἐν
582 2278 802 2338 διηγήσει,
851 2290 1131 2336 postremo
1170 2279 1617 2337 ἄνακεφαλανοῦσθαι
1648 2282 1720 2325 καὶ

245 2348 614 2407 ἀναμιμνήσκειν,
654 2356 798 2390 tamen
830 2355 873 2390 et
902 2350 1139 2407 προοίμιον
1177 2358 1220 2392 et
1249 2350 1452 2410 διήγησιν
1484 2360 1526 2395 et
1556 2351 1722 2407 ἀγῶνας

248 2426 292 2463 et
335 2421 609 2476 παρέκβασιν
656 2423 699 2459 et
740 2416 951 2470 ἐπίλογον
994 2419 1036 2460 in
1083 2420 1325 2461 orationem
1357 2421 1410 2463 ab
1443 2436 1495 2463 eo
1528 2422 1721 2464 admissa

420 2502 514 2509 ——0

344 2544 389 2578 39
439 2543 492 2579 De
517 2543 674 2578 motibus
702 2543 736 2577 in
762 2554 800 2577 re
827 2542 969 2590 publica
995 2543 1304 2590 Syracusanorum
1337 2546 1405 2581 hoc.
1436 2552 1599 2592 tempore
1625 2547 1722 2581 exc-i-

246 2603 332 2636 tatis
359 2601 544 2635 Diodorus
582 2600 693 2635 Sicul.
731 2612 839 2647 quum
881 2601 948 2635 alia
985 2607 1105 2636 narrat
1137 2610 1207 2636 tum
1241 2603 1320 2645 (XI,
1346 2603 1402 2637 87.
1427 2615 1463 2649 p.
1489 2603 1543 2637 94.
1570 2604 1724 2647 Teubn.)

246 2660 334 2695 hoc:
362 2656 569 2699 ἐπεπόλαζε
610 2659 679 2705 γὰρ
708 2655 939 2705 δημαγωγῶν
963 2656 1108 2703 πλῆθος
1144 2663 1204 2694 καὶ
1245 2658 1495 2705 συκοφαντῶν,
1533 2663 1594 2694 καὶ
1619 2658 1726 2707 λόγου

249 2714 417 2761 δεινότης
444 2713 516 2751 ὑπὸ
541 2714 616 2750 τῶν
639 2717 823 2763 υεοτέρων
845 2712 1008 2759 ἠσκεῖτο.
