1938 3153
320 179 375 223 78

314 294 357 351 b)
389 293 508 346 Quid
525 308 582 336 ex
599 308 707 349 pace
723 293 839 336 facta
856 294 1106 350 respublica
1123 295 1371 350 perceperit
1386 294 1586 336 utilitatis
1596 293 1645 336 ⁷⁸.
1657 292 1683 349 §
1694 294 1734 337 7.

315 362 354 405 3.
387 362 432 421 a)
465 361 532 404 De
562 361 683 404 bello
716 361 950 419 Megarico.
983 361 1010 419 §
1041 362 1082 405 8.

316 429 359 486 b)
390 429 510 481 Quid
543 444 597 471 ex
629 444 738 484 pace
768 430 885 472 facta
915 431 1077 472 civitati
1109 429 1330 472 affluxerit
1361 429 1732 485 commodi.§8-

345 497 384 540 9.
416 497 761 554 παραδείγματα.
795 496 857 539 Cf.
890 497 1085 540 Anaxim.
1119 496 1216 547 221,
1254 498 1270 539 1
1307 510 1375 552 sq.

348 565 455 607 Haec
489 565 821 621 παραδείγματα
852 566 1009 606 similia
1047 574 1151 606 sunt
1181 562 1424 620 ἀπαγγελίᾳ
1455 564 1513 613 ei,
1546 563 1601 639 de
1649 578 1735 618 qua

352 632 554 688 disputat
584 631 912 681 Anaxim.220,
951 633 1000 675 10
1032 646 1128 687 sqq

263 712 316 753 ΙΙ.
349 710 484 763 Quod
515 709 742 758 dixerunt,
774 711 1015 752 novissima
1032 725 1139 766 pace
1156 725 1252 752 cum
1271 709 1618 752 Lacedaemoniis
1634 710 1740 751 inita

353 775 486 820 illos'
505 777 680 834 triginta
715 778 835 820 viros
868 779 1113 826 exstitisse,
1144 777 1366 820 falluntur.
1427 776 1521 819 Illae
1550 776 1739 819 induciae

350 855 492 894 erant,
524 846 620 889 haec
652 862 739 902 pax
771 848 862 889 erit.
925 847 1020 888 Pax
1051 847 1303 902 reipublicae
1321 846 1452 888 saluti
1470 845 1740 892 es't,bellum

351 915 497 957 exitio.
529 913 555 970 §
591 914 769 957 10-12.
800 912 1054 973 ἀνάμνησις.
1088 913 1339 973 ἐνθύμημα.
1364 912 1741 971 ἐνθυμηματώδης

352 981 547 1038 τελευτή.

263 1060 394 1103 111.1.
428 1059 589 1101 Dicunt
621 1058 818 1115 quidam,
849 1075 1033 1103 necesse
1065 1075 1165 1103 esse
1196 1061 1358 1103 bellum
1390 1074 1553 1117 gerere.

322 1129 368 1185 a)
400 1128 517 1169 Inter
549 1141 701 1168 omnes
734 1135 928 1176 constat,
959 1128 1061 1170 ideo
1094 1128 1258 1170 bellum
1290 1143 1389 1170 esse
1418 1127 1671 1184 gerendum,
1688 1134 1737 1169 ut

351 1200 429 1238 aut
458 1193 640 1250 injurias
686 1193 833 1235 illatas
863 1194 951 1249 ipsi
981 1194 1256 1244 ulciscamur,
1288 1201 1363 1236 aut
1393 1195 1489 1236 aliis
1522 1209 1651 1251 opem
1682 1193 1743 1236 fe-

351 1277 512 1305 ramus.
546 1261 571 1318 §
608 1262 670 1303 13.
701 1260 863 1319 γνώμη.

324 1331 366 1388 b)
399 1330 535 1385 Atqui
581 1344 606 1371 a
643 1328 989 1371 Lacedaemoniis
1021 1344 1092 1371 res
1124 1330 1334 1386 repetitas
1366 1329 1600 1379 habemus,
1631 1330 1745 1371 Boe-

354 1399 456 1440 otiis
498 1397 663 1452 placuit
708 1411 861 1452 pacem
905 1396 1061 1439 facere.
1123 1397 1242 1450 Quid
1281 1398 1413 1454 igitur
1445 1396 1743 1453 bellamus?§

357 1465 407 1507 13
440 1470 549 1505 extr.
576 1488 622 1495 —
655 1463 716 1505 15.
748 1460 996 1516 ἀναγκαῖον.

321 1532 360 1590 c)
391 1531 667 1584 παλιλλογία.
700 1530 922 1589 ἐρώτησις.
956 1531 981 1588 §
1020 1532 1082 1574 16.

323 1599 362 1641 2.
394 1598 678 1641 Communem
725 1600 1017 1654 omnibusque
1050 1599 1279 1641 fruendam
1312 1614 1463 1656 pacem
1496 1613 1630 1655 penes
1663 1612 1745 1640 vos

352 1674 440 1716 est,
474 1666 788 1716 Athenienses,
820 1681 986 1722 parere.
1016 1692 1058 1699 —
1080 1665 1226 1710 καλόν.
1251 1691 1304 1699 -

327 1734 372 1791 α)
405 1733 645 1786 Quomodo
691 1733 1012 1775 Lacedaemonii
1046 1748 1197 1790 pacem
1228 1734 1412 1776 fecerint
1432 1734 1468 1760 ²⁹
1489 1733 1592 1790 -§
1638 1735 1741 1775 17-

328 1802 631 1927 b)l9quomodo
662 1868 835 1911 Boeotii
865 1895 904 1900 -
934 1868 959 1925 §
991 1869 1046 1912 20
1070 1893 1124 1900 --

364 2037 409 2072 78
460 2038 478 2084 §
505 2038 527 2073 7
553 2036 646 2073 ὥστε
670 2038 823 2086 πρῶτον
845 2038 914 2084 μὲν
939 2036 977 2073 ἐν
997 2037 1143 2075 τούτοις
1166 2039 1247 2076 τοῖς
1276 2038 1432 2074 ἔτεσιν
1458 2032 1651 2083 εἰρήνην
1673 2037 1749 2073 λα-

267 2092 432 2139 βόντες
470 2094 718 2142 ἀνηνέγκαμεν
748 2094 847 2139 χίλια
870 2094 1031 2130 τάλαντα
1068 2092 1120 2131 εἷς
1143 2098 1211 2141 τὴν
1234 2092 1450 2142 ἀκρόπολιν,
1501 2094 1548 2128 V.
1572 2093 1749 2141 λαβόντες

270 2150 291 2185 l.
319 2146 471 2197 εἰρήνην
494 2153 638 2187 criticos
666 2153 825 2188 offendit.
875 2152 951 2187 Sed
978 2164 1094 2199 neque
1120 2152 1371 2187 emendatione
1388 2157 1495 2197 egent
1514 2157 1575 2186 aut
1599 2147 1752 2199 εἰρήνην

271 2213 333 2242 aut.
355 2205 556 2253 λαβόντας,
583 2221 700 2256 neque
738 2221 859 2244 verum
897 2210 983 2244 vidit
1022 2209 1213 2250 Luzacius,
1251 2220 1358 2256 quum
1396 2219 1452 2255 ap.
1491 2208 1594 2244 Sluit.
1618 2222 1655 2257 p·
1685 2210 1751 2243 136

271 2264 452 2311 vulgatam
478 2266 690 2312 scripturam
717 2268 768 2301 sic
795 2267 1099 2313 interpretandam
1126 2273 1268 2302 censet:
1292 2267 1397 2300 ”cum
1423 2278 1487 2312 per
1511 2268 1605 2303 ieme
1633 2279 1748 2304 annos

272 2333 400 2368 pacem
427 2323 696 2369 accepissemus
724 2330 980 2370 acceptamque
1005 2336 1274 2365 servassemus,
1300 2335 1365 2359 seu
1383 2335 1472 2371 pace
1490 2330 1640 2372 accepta
1656 2324 1751 2360 fruiti

270 2380 470 2414 essemus.”
519 2380 596 2415 lmo
623 2393 708 2416 vero
736 2393 781 2416 ex
805 2379 1239 2416 ETEGINEIPHNHN
1257 2393 1339 2417 vera
1363 2381 1470 2416 lectio
1497 2382 1671 2418 elicienda
1694 2388 1752 2418 est

270 2437 361 2471 haec:
386 2437 846 2474 ETEGIAIEIPHNHN.
896 2436 988 2471 Nam
1016 2436 1113 2472 ἔτεσι
1138 2434 1184 2472 δι’
1211 2433 1361 2485 εἶρηνην
1384 2438 1574 2485 legendum
1594 2447 1660 2473 est.
1698 2439 1752 2474 Cf.

272 2493 292 2539 §
319 2493 340 2526 8
364 2490 425 2527 ὅτι
451 2491 530 2528 διὰ
555 2493 691 2540 ταύτην
713 2496 782 2540 τὴν
807 2491 959 2542 εἰρήνην
983 2493 1236 2539 ἑπτακισχίλια
1257 2495 1326 2541 μὲν
1341 2494 1502 2531 τάλαντα
1524 2497 1754 2540 νομίσματος

272 2545 329 2586 εἷς
350 2550 419 2593 τήν
444 2547 648 2596 ἀκρόπολιν
672 2550 933 2599 ἀνηνέγκαμεν.

370 2618 415 2654 79
463 2618 484 2664 ξ
512 2618 556 2654 18
578 2618 789 2665 νενικήκασι
812 2622 883 2668 γὰρ
910 2617 986 2654 κτλ.
1037 2619 1090 2656 De
1115 2620 1185 2656 hoc
1211 2620 1293 2654 loco
1320 2619 1581 2666 disputavimus
1607 2619 1653 2654 ad
1679 2621 1754 2655 An-

275 2678 362 2724 tiph.
389 2676 435 2719 V,
459 2675 495 2713 8.
521 2683 641 2712 annot.
670 2678 723 2712 15.
