1938 3153
292 219 349 261 48

292 331 334 389 ὂ)
364 331 416 373 In
460 331 618 373 timore
664 335 881 388 praeterea
920 345 1036 382 sum,
1066 330 1259 387 ideoque
1290 347 1373 375 vos
1404 347 1538 390 rog0‚
1568 338 1619 375 ut
1649 346 1725 375 au-

323 399 531 442 dientiam
564 398 669 442 mihi
699 398 930 443 faciatisss.
961 399 984 456 ἓ
1016 399 1140 442 6-7.
1171 398 1251 444 ἐπὶ
1279 399 1330 443 τὸ
1362 404 1614 459 προσέχειν.
1661 399 1726 444 αἰ-

325 469 512 528 τήματα.
573 467 639 511 Cf.
670 469 868 511 Anaxim.
902 484 936 512 c.
973 468 1035 511 19.
1067 483 1108 525 p.
1140 467 1237 519 207,
1269 469 1295 511 3
1327 484 1426 527 sqq.

235 538 287 579 II.
319 537 353 592 ¹)
386 537 552 580 Contra
582 537 724 594 legem
755 552 857 579 reus
890 551 988 579 sum
1018 536 1162 579 factus
1179 536 1226 578 ¹⁵.
1259 537 1282 592 ξ
1312 539 1351 580 8.

238 648 424 696 δεινότητι
450 648 640 700 εἰρῆσθαι.
690 652 812 687 Reisk.
838 653 908 699 legi
947 653 1021 688 vult
1057 651 1167 687 τοῦτο
1186 651 1256 695 μὲν
1287 650 1498 699 συγγνώμην
1527 651 1623 696 ἔχειν
1641 665 1724 701 μοι,

239 706 306 741 ἐάν
327 721 363 741 τι
388 706 464 741 κτλ.
514 709 637 743 Baiter
662 722 777 755 συγγν.
806 709 901 752 ἔχειν
914 722 984 754 μοι
1007 716 1094 756 post
1118 708 1275 756 ἁμάρτω
1292 710 1412 755 posita
1430 711 1576 744 mavult.
1602 710 1726 745 Maetz·

238 776 326 800 nero
353 766 594 801 membrorum
621 768 844 802 concinnitas
884 768 978 802 nulla
1016 767 1155 801 videtur
1180 777 1282 807 esse,
1312 767 1551 813 turbatusque
1578 773 1726 801 senten-

239 824 367 858 tiarum
395 823 558 879 ordo·ab
585 826 667 872 ipso
695 832 840 861 oratore
859 825 1044 872 profectus
1067 830 1226 872 putatur.
1275 823 1369 859 Nihil
1395 825 1520 860 horum
1539 824 1583 859 ab
1603 835 1727 859 errore

241 881 395 916 alienum
421 882 574 917 videtur.
624 882 812 918 Sermonis
839 884 931 918 enim
958 882 1193 930 Antiphontei
1218 883 1441 929 aequabilitas
1467 883 1727 918 membrorum-

241 951 312 986 que
338 940 599 975 enunciationis
625 941 719 976 inter
744 953 783 977 se
810 942 1004 989 responsio
1042 948 1209 988 apparet,
1246 941 1276 975 si
1316 941 1506 975 verborum
1544 939 1636 975 ordo
1674 940 1726 974 sic

242 997 459 1032 restituitur:
486 996 697 1044 συγγνώμην
723 998 818 1042 ἔχειν
843 1011 911 1043 μοι
934 1002 1011 1032 καὶ
1036 996 1259 1044 ἡγεῖσθαι
1283 998 1392 1032 τοῦτο
1419 999 1501 1043 μὲν,
1531 997 1596 1032 ἐάν
1620 1011 1656 1032 τι
1679 996 1727 1045 τῇ

242 1052 386 1103 γλώσσῃ
426 1051 598 1101 ἁμάρτω,
626 1053 783 1102 ἀπειρίᾳ
807 1054 895 1091 αὐτὸ
922 1053 1062 1101 μᾶλλον
1084 1052 1160 1090 κτλ.
1212 1055 1254 1091 G.
1282 1057 1326 1090 A.
1350 1055 1554 1102 Hirschigio
1582 1056 1616 1090 in
1643 1054 1726 1088 Phi-

243 1112 355 1157 lolog.
381 1111 447 1151 IX,
477 1112 542 1146 734
569 1121 773 1147 contortam
800 1115 999 1148 orationem
1025 1114 1058 1147 in
1084 1113 1248 1147 librarios
1276 1114 1418 1147 habenti
1450 1115 1508 1147 vix
1545 1118 1602 1146 est
1628 1111 1726 1157 quod

246 1168 469 1204 assentiaris.

341 1226 386 1260 14
436 1226 454 1271 §
480 1225 503 1260 6
528 1223 663 1272 ἀνάγκη
691 1223 731 1260 δὲ
757 1225 1013 1261 κινδυνεύοντα
1048 1229 1137 1273 περὶ
1170 1225 1268 1270 αὖτῷ
1303 1227 1368 1260 καί
1396 1224 1470 1260 πού
1493 1238 1531 1259 τι
1555 1228 1617 1260 καὶ
1645 1222 1726 1266 ἐξα-

244 1283 416 1329 μαρτεῖν.
466 1282 584 1318 Valde
611 1284 692 1318 mihi
719 1284 852 1319 arridet
877 1284 1061 1319 Maetzneri
1091 1283 1230 1329 opinio,
1256 1290 1338 1318 ante
1362 1284 1427 1317 καί
1447 1295 1520 1317 που
1546 1281 1728 1317 excidisse

247 1331 395 1364 verbum
434 1329 591 1377 aliquod.
655 1330 862 1377 Legendum
901 1336 1027 1365 censet
1063 1329 1120 1364 ille
1146 1330 1198 1364 vir
1223 1330 1355 1365 doctus
1382 1327 1516 1375 ἀνάγκη
1544 1326 1585 1362 δὲ
1609 1324 1728 1362 κινδυ-

247 1383 401 1418 νεύοντα
425 1389 515 1432 περὶ
540 1383 638 1429 αὖτῷ
679 1384 1002 1430 ἕκπληχθῆναι
1037 1388 1102 1420 καί
1132 1384 1205 1420 ποὺ
1234 1398 1272 1419 τι
1295 1389 1357 1419 καὶ
1387 1384 1621 1431 ἐξαμαρτεῖν.
1673 1385 1728 1420 s'f.

250 1454 309 1485 ea,
335 1454 414 1489 quae
441 1442 601 1490 disputat
628 1443 661 1478 in
688 1442 930 1478 Commentar.
956 1456 991 1490 p.
1018 1443 1087 1478 202
1111 1455 1168 1490 sq.

283 1515 297 1522 ⁵
347 1500 390 1534 15
440 1500 508 1546 §8
543 1500 653 1535 τοῦτο
691 1498 785 1544 ὑμᾶς
828 1498 986 1542 διδάξω,
1013 1499 1055 1534 οὗ
1078 1500 1131 1544 τῷ
1158 1499 1305 1547 φεύγειν
1340 1498 1386 1534 ἂν
1420 1501 1462 1534 τὸ
1502 1497 1648 1543 πλῆθος
1683 1501 1727 1534 τὸ

249 1553 429 1605 ὑμέτερον
452 1576 467 1585 -
489 1577 505 1585 -
529 1555 602 1592 ἀλλ’
626 1556 687 1591 ἵνα
709 1550 737 1607 ᾖ
757 1554 941 1605 τεκμήρια
964 1554 1117 1602 ὖμῖν--.
1162 1555 1212 1592 Οὖ
1237 1558 1290 1602 τῷ
1316 1555 1462 1603 φεύγειν
1486 1563 1582 1591 recte
1603 1556 1728 1591 Maetz-

248 1627 313 1649 ner
338 1628 373 1662 p.
399 1614 469 1649 203
505 1628 591 1651 non
631 1629 716 1662 quo
756 1616 981 1663 defugiam
1020 1616 1207 1651 convertit.
1270 1615 1345 1650 Sed
1382 1621 1554 1650 nontam
1581 1626 1729 1651 causam

251 1672 393 1707 dativus
420 1673 452 1707 h.
479 1673 501 1707 l.
528 1673 705 1720 siguificat
732 1685 837 1720 quam
865 1674 917 1715 id,
945 1685 1016 1720 quo
1045 1674 1124 1720 quis
1151 1672 1318 1714 intendit,
1344 1672 1391 1707 ad
1418 1672 1517 1718 quod
1536 1673 1615 1719 quis
1642 1683 1728 1719 spe—

252 1736 326 1764 ctat
350 1731 549 1777 (syftning).
599 1730 680 1765 Hoc
707 1730 782 1777 jam
813 1731 899 1766 vidit
924 1731 1112 1771 Reiskius‚
1150 1730 1209 1777 qui
1246 1730 1298 1765 sic
1336 1730 1606 1776 interpretatur:
1640 1726 1730 1763 ’‘ot'm

254 1785 319 1820 ἐπὶ
353 1786 406 1830 τῷ
441 1785 588 1832 φεύγειν
611 1806 626 1815 -
650 1806 665 1814 -
688 1788 711 1822 l.
735 1787 799 1831 οὔχ
835 1786 936 1823 ὅπως
968 1786 1179 1833 φείγοιμι.”
1239 1787 1331 1821 Huic
1358 1785 1400 1819 οὗ
1424 1786 1476 1830 τῷ
1503 1785 1649 1832 φεύγειν
1672 1797 1728 1821 re·

256 1842 417 1889 spondet
441 1843 495 1883 id,
534 1844 632 1890 quod
669 1844 760 1878 iufra
786 1851 860 1885 est,
896 1842 969 1878 ἀλλ’
993 1843 1055 1878 ἵνα
1075 1838 1102 1892 ᾗ
1125 1842 1199 1878 κτλ.
1251 1844 1409 1878 Similem
1436 1844 1731 1890 significationem

256 1901 399 1936 dativus
426 1901 535 1936 habet
561 1900 656 1948 apud
681 1900 871 1939 Demosth.
899 1903 930 1944 6,
961 1902 1017 1943 13;
1044 1903 1078 1943 5,
1102 1902 1140 1936 21
1170 1903 1278 1948 (quos
1296 1902 1401 1937 locos
1419 1900 1560 1936 Maetzn.
1585 1899 1733 1942 laudat).

257 1958 309 1993 Cf.
337 1970 481 2005 quoque
509 1959 649 1994 Andoc.
674 1959 735 2000 ΙΙΙ,
763 1959 817 2000 18,
843 1971 948 2006 quem
973 1959 1092 1994 locum
1119 1960 1172 1994 sic
1197 1971 1266 2005 ego
1293 1959 1552 1994 restituendum
1581 1970 1733 1994 censeo:

256 2014 466 2061 νενικήκασι
486 2017 556 2063 γὰρ
582 2020 664 2064 τρὶς
690 2013 762 2064 η”δη
789 2016 997 2062 μαχόμενοι
1021 2015 1106 2051 τότε
1126 2016 1195 2061 μὲν
1220 2015 1259 2050 ἰν
1280 2017 1461 2064 Κορίνθῳ
1487 2014 1628 2052 πάντας
1643 2028 1735 2050 παν-

258 2069 369 2116 δημεὶ
394 2074 479 2109 τοὺς
515 2072 725 2118 συμμάχους
756 2072 957 2120 παρόντας,
986 2072 1050 2117 οὐχ
1076 2071 1318 2109 ὑπολιπόντες
1341 2072 1535 2120 πρόφασιν
1560 2071 1738 2118 οὐδεμίαν

258 2127 331 2163 ἀλλ’
372 2127 399 2174 ἢ
430 2129 491 2174 τῷ
528 2129 782 2178 κρατιστεύειν
803 2130 915 2175 μόνοι
939 2128 1100 2170 πάντων,
1134 2123 1242 2165 αὖθις
1278 2126 1374 2163 δ’ἕν
1403 2131 1645 2166 Βοιωτοῖς
1677 2131 1738 2173 (ex

259 2187 351 2233 conj.
377 2186 550 2233 Saupp.),
576 2185 628 2221 ὅτ’
655 2186 775 2221 αὐτῶν
794 2186 1013 2234 Ἀγησίλαος
1034 2185 1173 2233 ἡγεῖτο,
1199 2188 1265 2220 τὸν
1289 2184 1399 2220 αὐτὸν
1423 2185 1566 2233 τρόπον
1589 2190 1651 2221 καὶ
1677 2184 1738 2221 ὅτε

259 2244 327 2286 τὴν
362 2240 429 2283 [ἐν
459 2244 706 2290 Κορίνθῳ]
736 2245 840 2288 νίκην
872 2242 1096 2288 ἐποιήσαντο
1122 2240 1199 2277 κτλ.
1249 2242 1303 2278 I)e
1329 2240 1401 2277 ἀλλ’
1428 2241 1454 2287 ἢ
1477 2243 1528 2288 τῷ
1552 2256 1618 2291 pro
1645 2244 1740 2292 vulg.

261 2297 335 2334 ἀλλ’
363 2298 402 2334 ἐν
425 2300 478 2344 τῷ
500 2301 575 2347 jam
613 2300 699 2335 vidit
736 2300 910 2335 Luzacius
949 2312 1006 2347 ap.
1034 2301 1178 2336 Sluiter.
1204 2313 1239 2348 p.
1266 2300 1334 2335 138
1361 2299 1399 2335 ἐν
1423 2301 1457 2336 in
1482 2298 1508 2345 ἢ
1531 2301 1739 2337 mutandum

262 2355 367 2401 es'se,
404 2358 471 2393 sed
509 2359 542 2393 in
569 2370 613 2394 eo
641 2370 759 2393 verum
798 2370 872 2393 non
908 2358 994 2393 vidit
1020 2359 1071 2392 vir
1096 2358 1247 2400 doctus,
1273 2359 1371 2405 quod
1397 2360 1439 2393 τὸ
1465 2371 1530 2405 pro
1555 2358 1608 2403 τῷ
1633 2360 1742 2395 scribi

262 2416 486 2462 postulabat.
537 2415 587 2451 Ut
612 2417 680 2461 τὴν
703 2414 742 2451 ἐν
766 2416 947 2461 Κορίνθῳ
976 2416 1081 2450 scribi
1107 2416 1251 2458 vellem,
1277 2416 1387 2451 movit
1404 2428 1460 2451 me
1486 2429 1600 2452 rerum
1626 2418 1741 2453 sacta-

264 2486 339 2508 rum
366 2475 515 2515 veritas,
542 2474 717 2521 siquidem
745 2473 894 2509 eosdem
922 2473 996 2508 fere
1024 2474 1068 2508 ad
1103 2473 1309 2508 Corinthum
1349 2481 1474 2509 contra
1512 2475 1743 2510 Lacedaemo-

264 2534 345 2568 nios
374 2545 575 2579 pugnasse,
603 2545 696 2580 quos
725 2532 770 2567 ad
797 2531 1019 2571 Coroneam,
1057 2532 1162 2566 testis
1195 2537 1252 2566 est
1276 2531 1486 2579 Xenophon
1513 2532 1653 2567 Hellen.
1680 2532 1743 2573 lV,

265 2592 297 2632 2,
324 2591 368 2625 16
394 2602 449 2638 sq.
476 2591 507 2631 3,
534 2592 577 2625 15
604 2603 687 2638 sqq.
735 2590 814 2629 Nec
839 2601 895 2624 me
923 2589 1096 2624 deterruit
1121 2600 1162 2624 ea
1189 2601 1264 2631 res,
1291 2590 1408 2638 quod,
1435 2590 1466 2623 si
1492 2587 1531 2622 ἐν
1562 2589 1743 2634 Κορίνθῳ

264 2650 515 2697 scripsissem,
541 2649 734 2684 timendum
761 2649 843 2684 mihi
869 2652 987 2688 esset,
1013 2658 1058 2682 ne
1083 2647 1279 2683 eorundem
1306 2649 1495 2683 verborum
1521 2646 1745 2683 iterationem

266 2707 449 2743 Andocidi
464 2708 574 2742 invito
591 2707 834 2742 obtruderem.
872 2705 981 2748 Quod
1007 2705 1115 2752 louge
1140 2718 1248 2741 secus
1274 2711 1341 2741 est.
1378 2705 1417 2740 In
1444 2704 1633 2739 verborum
1653 2705 1746 2740 enim

267 2767 456 2801 iteratione
482 2765 630 2800 multum
658 2776 742 2800 esse
768 2763 997 2800 Andocidem
1030 2762 1085 2797 vel
1121 2763 1155 2796 hi
1188 2764 1256 2798 loci
1290 2761 1502 2803 ostendent,
1528 2774 1580 2797 or.
1605 2763 1654 2797 111
1681 2763 1699 2809 ξ
1725 2763 1747 2797 7
