1938 3153
1542 158 1596 199 79

231 274 270 331 e)
302 271 527 328 quomodo
573 271 865 315 Athenienses
883 272 932 313 ⁸⁰.
964 271 990 328 §
1022 271 1205 314 21—23.
1236 271 1284 313 ἐκ
1320 272 1400 314 τοῦ
1436 272 1651 315 ἐναντίου.

237 343 275 384 3.
307 340 375 383 De
407 339 670 398 Argivorum
701 340 950 397 postulatis.

234 409 279 466 a)
311 407 474 461 Quanti
520 410 724 450 momenti
777 408 1121 451 Atheniensibus
1169 406 1409 449 Corinthus
1454 409 1510 449 sit
1526 408 1574 449 ⁸¹.
1624 407 1650 463 §

266 476 448 519 24—26.
479 475 679 519 δυνατόν.

236 546 278 600 b)
310 545 403 588 Sibi
452 545 561 600 ipsae
611 550 859 600 repugnant
907 544 1099 585 rationes
1151 542 1416 599 Argivorum
1433 542 1480 583 ⁸².
1528 542 1554 598 §
1584 542 1653 584 27.

266 613 450 655 δίκαιον.

242 681 280 721 4.
314 679 380 720 De
413 678 589 720 duobus
621 678 805 720 alterum
838 677 1086 734 eligendum
1117 686 1206 728 est,
1237 683 1314 719 aut-
1343 683 1498 719 contra
1519 676 1657 719 Lace-

268 746 510 789 daemonios
558 746 691 787 sociis
737 746 912 802 Argivis
944 745 1106 788 bellum
1138 759 1291 801 gerere
1322 752 1399 787 aut
1428 758 1517 793 una
1555 758 1655 786 cum

264 814 460 857 Boeotiis
507 828 657 869 pacem
701 812 858 855 facere.
933 813 1052 863 Vos,
1097 813 1410 862 Athenienses,
1457 812 1653 854 deterius

268 882 392 937 sequi
426 881 733 922 consuevistis.
766 880 793 937 §
823 881 890 923 28.

238 950 283 1007 a)
315 947 553 1001 Quomodo
585 963 681 991 cum
712 948 833 1005 Rege
848 949 1084 991 Persarum
1102 949 1270 1006 egerint
1285 947 1581 991 Athenienses
1600 972 1654 978 -—

237 1086 279 1143 b)
310 1081 407 1127 cum
438 1083 734 1141 Syracusanis
772 1109 816 1116 —
853 1083 878 1140 §
911 1084 967 1127 30
1000 1109 1053 1117 —

241 1153 280 1209 c)
311 1167 409 1194 cum
441 1152 629 1206 ArgiviS.
660 1151 686 1206 §
719 1152 785 1192 31.
815 1152 1159 1208 παραδείγματα.

244 1220 290 1278 d)
320 1218 595 1272 παλιλλογία.
627 1218 1004 1276 ἐνθυμηματώδης
1032 1217 1224 1277 τελευτή.
1256 1218 1283 1275 §
1320 1217 1388 1260 32.

180 1287 255 1329 IV.
273 1287 406 1334 Sunt,
453 1288 525 1342 qui
573 1288 720 1329 statim
766 1302 918 1343 pacem
967 1287 1061 1328 fieri
1093 1287 1331 1342 postulent.
1392 1287 1489 1329 Nos
1521 1286 1653 1343 legati

270 1354 641 1410 reprehendimur,
677 1355 838 1411 quibus
869 1369 968 1397 eum
999 1354 1346 1397 Lacedaemoniis
1380 1354 1435 1396 de
1466 1353 1657 1411 quadra·

270 1423 390 1478 ginta
422 1422 580 1464 diebus
602 1422 660 1463 ad
684 1437 833 1477 pacem
858 1422 1183 1464 deliberandam
1206 1423 1460 1464 convenerit
1474 1422 1523 1464 ⁸³.
1545 1422 1658 1477 §33.

241 1489 286 1546 a)
319 1490 487 1531 Horum
518 1490 710 1532 rationes
744 1504 830 1531 non
862 1490 1017 1545 probo.
1049 1489 1075 1545 §
1106 1489 1174 1531 34.
1204 1488 1312 1540 δόξα
1340 1489 1421 1531 τοῦ
1440 1489 1654 1542 λέγοντος.

240 1558 283 1614 b)
314 1558 416 1600 Non
448 1571 504 1598 ex
533 1563 686 1598 nostra
717 1557 979 1598 auctoritate
1010 1557 1155 1599 solum
1187 1557 1404 1614 agendum
1437 1564 1543 1605 erat,
1574 1556 1656 1599 sed

267 1623 637 1666 considerandum
669 1625 818 1674 etiam,
851 1624 959 1681 quid
990 1625 1150 1667 vestris
1174 1625 1369 1667 moribus
1388 1624 1657 1667 conveniret.

266 1692 293 1748 ᾗ
324 1692 392 1734 35.
423 1692 546 1739 ἔθος.

273 1803 320 1840 80
367 1805 391 1848 5
409 1804 455 1840 22
478 1809 540 1840 καὶ
553 1804 701 1841 Κόνωνι
725 1809 794 1851 τὴν
817 1808 1080 1852 ναυμαχίαν
1102 1805 1394 1853 παρεσκεύασαν.
1447 1806 1660 1842 verisimilis

180 1862 334 1909 Emperii
360 1863 566 1908 conjectura
591 1876 627 1909 p.
653 1863 721 1897 213
744 1864 1003 1911 ναυαρχίαν
1027 1875 1094 1910 pro
1119 1865 1335 1908 ναυμαχίαν,
1362 1865 1428 1898 nisi
1454 1864 1547 1898 forte
1566 1865 1658 1898 veri-

180 1920 328 1954 similius
359 1921 658 1966 ναυκρατίαν.
705 1921 757 1956 Cf.
793 1921 898 1955 Phot.
924 1919 1012 1954 Lex.
1037 1918 1116 1953 211.
1158 1921 1415 1967 Ναυκρατίαν·
1439 1917 1660 1966 Ἀνδοκίδης

183 1974 500 2022 Συμβουλευτικῷ.

272 2031 316 2067 81
367 2032 391 2074 5
416 2031 462 2066 26
485 2033 536 2077 μὴ
563 2030 806 2079 βοηθούντων
827 2033 897 2078 μὲν
921 2027 984 2068 οὖν
1022 2030 1122 2078 ὑμῶν
1156 2030 1241 2068 οὖδὲ
1277 2030 1383 2080 λόγος
1419 2030 1659 2067 ὑπολείπεται

177 2090 229 2132 μή
257 2087 321 2123 οὔκ
345 2086 487 2123 ἀδικεῖν
507 2087 697 2135 Ἀργείους
721 2093 782 2124 καὶ
806 2090 932 2125 ποιεῖν
955 2088 1090 2125 ὁποῖον
1119 2087 1164 2123 ἄν
1193 2102 1230 2123 τι
1257 2088 1463 2135 βούλωνται
1488 2086 1655 2124 δικαίως.

180 2145 323 2181 Sluiter.
355 2158 391 2192 p.
418 2146 486 2181 140
514 2147 566 2189 μὴ
600 2143 663 2180 οὐκ
696 2143 849 2187 ἀδικεῖν,
894 2149 971 2180 καὶ
1006 2147 1164 2180 ποιεῖν
1194 2143 1457 2191 Ἀργείους,
1496 2145 1657 2179 faciliore

179 2204 375 2237 mutatione
414 2203 548 2237 Baiter:
586 2200 740 2243 ἀδικεῖν,
776 2206 837 2237 καὶ
859 2201 1068 2249 Ἀργείους,
1102 2203 1263 2237 nimirum
1306 2203 1389 2249 quia
1429 2213 1473 2237 ex
1512 2202 1659 2248 objecto

176 2258 367 2307 Ἀργείους
392 2260 592 2307 subjeetum
620 2258 751 2296 αὐτούς
776 2259 819 2294 ad
845 2259 972 2294 ποιεῖν
998 2259 1143 2307 intelligi
1182 2272 1254 2295 non
1291 2260 1424 2307 possit.
1489 2260 1535 2294 At
1571 2272 1659 2295 eon-

181 2318 306 2352 similis
345 2317 515 2364 loquendi
553 2318 782 2353 consuetudo
819 2317 838 2363 ξ
864 2316 909 2352 34
933 2315 1049 2352 ταῦτα
1073 2314 1114 2352 δὲ
1139 2314 1223 2353 οὔτε
1259 2316 1391 2353 λαθεῖν
1414 2313 1498 2352 οὔτε
1523 2315 1662 2359 ‘'fana—

178 2374 290 2418 τῆσαι
314 2370 405 2414 δεῖν,
431 2372 521 2408 ἀλλὰ
544 2374 638 2410 πολὺ
660 2373 800 2421 μᾶλλον
824 2373 991 2410 ἐπαινεῖν
1012 2371 1040 2418 ἤ
1061 2376 1201 2421 ψέγειν,
1230 2371 1268 2409 εἶ
1286 2375 1525 2419 πεμφθέντες
1550 2372 1628 2409 κτλ.

273 2430 320 2465 82
368 2430 388 2476 ξ
414 2432 458 2465 27
482 2434 544 2465 καὶ
557 2433 654 2476 μετὰ
671 2432 742 2476 μὲν
757 2429 907 2466 πάντων
922 2430 997 2466 νῦν
1016 2429 1215 2474 συμμάχων
1232 2432 1301 2475 τὴν
1324 2427 1476 2478 εἰρήνην
1497 2443 1556 2465 πο
1569 2444 1663 2466 ιον·

177 2488 339 2531 μένοις
377 2485 441 2522 οὒκ
467 2485 578 2522 ε’ὥσιν
612 2486 711 2533 ἡμᾶς
737 2485 846 2523 otmar
869 2486 1056 2523 πιστεύειν
1077 2484 1410 2532 Λακεδαιμονίοις.
1459 2488 1560 2523 Fert.
1587 2489 1657 2536 leg.

177 2555 235 2577 πο
244 2557 259 2578 ι
270 2542 354 2589 adp
364 2556 381 2579 ε
390 2556 438 2579 νο
452 2558 479 2579 ι.

271 2600 317 2635 83
365 2602 390 2644 5
415 2602 460 2637 33
499 2598 775 2649 αὖτοκράτορας
809 2601 880 2649 γὰρ
920 2600 1147 2648 πεμφθῆναι
1186 2596 1239 2637 εἷς
1263 2599 1537 2647 ,Λακεδαίμονα
1577 2599 1601 2636 δ
1608 2603 1657 2636 ιὰ

176 2652 357 2699 ταύτην,
375 2656 438 2693 ἵνα
454 2656 530 2694 κτλ.
558 2658 677 2694 Reisk.
691 2664 728 2694 et
741 2657 884 2694 Tui-icc.
899 2671 966 2707 pro
986 2656 1155 2704 ταύτην
1176 2670 1247 2694 scr.
1270 2656 1414 2705 ταῦθ’.
1441 2658 1570 2699 Recte,
1587 2659 1657 2694 nisi

177 2710 275 2759 quod
300 2712 393 2749 torte
410 2715 517 2751 literae
542 2720 587 2760 ῆν
611 2715 821 2765 significant,
847 2722 934 2764 post
947 2715 1053 2752 vav-Y
1081 2717 1227 2753 alteram
1247 2727 1371 2752 vocem
1396 2712 1515 2761 ἡμᾶς
1537 2715 1660 2751 latere.
