1938 3153
313 238 368 282 24

608 352 726 396 Tum
755 350 1068 410 α’παγγελία.
1130 358 1153 411 5
1191 357 1372 401 14-20.

369 421 635 473 Philoneus,
685 424 851 467 amicus
901 425 1167 481 interempti,
1219 425 1507 468 concubinam
1559 425 1734 476 habuit,

253 504 385 545 quam
415 491 457 531 in
491 491 691 547 lupanari
722 493 1022 534 collocaturus
1054 499 1159 535 erat.
1221 493 1301 534 Cui
1332 508 1446 535 uxor
1470 495 1732 550 interempti,

253 574 444 600 noverca
476 559 591 615 ejus,
624 559 698 614 qui
731 560 867 601 verba
898 559 1020 608 facit,
1052 561 1093 602 in
1127 559 1492 603 consuetudinem
1525 575 1572 603 se
1595 561 1731 604 dedit.

253 626 366 680 Quae
398 641 530 683 quum
563 633 605 668 et
634 626 734 682 ipsa
765 642 814 668 se
846 628 988 670 minus
1020 643 1045 669 a
1073 628 1229 669 marito
1251 628 1385 669 amari
1407 635 1608 684 coeptam
1632 644 1731 670 esse

253 696 455 744 sentiret,
486 709 584 737 eum
615 695 860 738 interficere
892 696 1100 739 decrevit.
1147 696 1415 738 Concubinae
1432 696 1564 752 igitur
1581 705 1730 738 osten-

253 763 386 812 dens,
433 777 481 804 se
519 763 704 811 habere,
736 778 825 819 quo
858 763 1005 805 denuo
1035 763 1237 805 Philonei
1268 764 1312 804 in
1342 765 1482 819 ipsam
1515 779 1637 805 amor
1666 765 1730 806 in·

251 832 528 880 cenderetur,
581 831 710 874 facile
756 846 849 874 eam
897 831 1105 876 adduxit.
1150 838 1199 875 ut
1230 832 1369 875 inscia
1399 840 1443 875 et
1473 831 1728 888 imprudens

252 914 403 940 secum
448 900 492 940 in
537 899 699 941 caedem
747 901 939 941 virorum
979 901 1240 956 conjuraret.
1302 900 1436 955 Apud
1466 900 1728 941 Philoneum

252 968 367 1012 inter
398 982 578 1011 coenam
611 972 718 1025 post
748 966 1009 1010 sacrificium
1040 973 1296 1025 apparatam
1327 968 1504 1026 utrique
1535 967 1630 1010 viro
1656 981 1729 1009 ve-

252 1051 413 1078 nenum
443 1037 487 1077 in
519 1038 621 1077 vino
654 1036 805 1078 datum
837 1047 916 1078 est.

367 1103 466 1146 Jam
497 1104 624 1160 sequi
657 1104 849 1147 debebat
878 1104 1166 1160 βεβαίωσις
1196 1103 1245 1145 ἐκ
1275 1105 1485 1146 πίστεων.
1532 1104 1640 1157 Quae
1663 1111 1727 1146 ta-

251 1187 348 1214 men
382 1187 514 1228 quum
548 1172 589 1212 in
624 1178 821 1213 extremo
854 1173 1039 1213 exordio
1071 1172 1273 1214 confecta
1298 1174 1490 1228 quodam
1510 1173 1642 1214 modo
1660 1174 1731 1220 sit,

253 1230 291 1271 si
323 1230 617 1271 Anaximenes
664 1228 912 1269 audiendus
955 1237 1042 1275 est,
1075 1228 1145 1269 hic
1176 1232 1322 1270 locum
1355 1244 1441 1270 non
1475 1230 1621 1271 habet.
1683 1229 1733 1270 In

253 1297 440 1339 exordio
492 1296 605 1338 enim
651 1296 936 1351 conqueritur
982 1302 1237 1345 accusator,
1270 1296 1391 1352 quod
1425 1297 1610 1352 quaestio
1642 1310 1733 1338 ser-

253 1378 409 1406 vorum
460 1363 704 1405 detrectata
750 1378 774 1404 a
821 1378 896 1405 reo
944 1364 1022 1411 sit,
1068 1377 1204 1419 quare
1236 1378 1370 1419 quum
1402 1379 1473 1405 res
1513 1363 1731 1419 ejusmodi

253 1440 394 1481 esset,
426 1438 475 1473 ut
506 1431 596 1473 fere
629 1431 727 1473 sola
756 1431 933 1486 βασάνῳ
967 1432 1127 1473 firmari
1160 1438 1337 1487 posset,
1369 1432 1471 1488 quia
1503 1431 1558 1474 de
1590 1432 1731 1474 servis

256 1499 446 1555 quaestio
470 1513 557 1540 non
590 1498 740 1541 habita
772 1507 861 1548 est,
891 1500 1073 1540 πίστεσι
1105 1498 1487 1554 supersedendum
1521 1514 1621 1541 esse
1652 1514 1732 1554 pu-

252 1568 374 1609 tavit.
436 1566 570 1619 Quod
617 1567 655 1608 si
694 1567 752 1609 ita
785 1567 861 1614 sit,
893 1566 1036 1608 solam
1065 1566 1362 1620 δικαιολογίαν
1394 1567 1600 1610 utendam
1633 1581 1732 1608 esse

253 1639 404 1677 censet
434 1634 728 1676 Anaximenes
760 1648 802 1689 p.
835 1634 930 1681 231,
962 1633 1028 1674 23.
1062 1633 1158 1682 221,
1196 1635 1245 1675 10
1276 1648 1376 1690 sqq.
1430 1635 1496 1676 Ac
1532 1634 1732 1689 sequitur

716 1699 1138 1757 προκατάληψις
1171 1701 1265 1743 sive

444 1768 499 1810 τὰ
530 1768 644 1825 πρὸς
672 1767 750 1810 τὸν
781 1765 1004 1810 ἀντίδικον
1038 1770 1194 1822 (AnaX.
1227 1768 1322 1816 223,
1354 1768 1408 1809 25
1441 1770 1537 1824 sq.),

255 1852 351 1893 quae
384 1845 529 1879 tamen
560 1837 645 1878 hac
675 1837 717 1878 in
751 1837 950 1878 oratione
982 1836 1042 1877 ita
1073 1834 1128 1877 ad
1161 1835 1456 1889 δικαιολογίας
1487 1835 1732 1877 similitudi-

255 1920 352 1947 nem
384 1910 688 1951 accesserunt.
720 1913 770 1945 ut
800 1903 928 1945 simul
961 1910 1005 1944 et
1034 1900 1220 1960 αὔξησιν
1242 1910 1284 1945 et
1305 1905 1573 1946 ταπείνωσιν
1594 1905 1727 1955 (Ana-

254 1974 354 2015 xim.
402 1972 507 2020 231,
554 1971 608 2014 27
639 1973 752 2028 sqq.)
801 1979 844 2013 et
888 1978 1143 2027 argumenta
1188 1969 1237 2013 ἐκ
1280 1972 1360 2013 τοῦ
1390 1971 1564 2013 δικαίου
1594 1970 1732 2026 petita

253 2041 539 2082 continerent.
572 2039 596 2095 ἓ
627 2039 811 2081 21-27,

253 2110 284 2152 Ι.
344 2110 593 2152 Accusator
624 2122 672 2149 se
705 2106 842 2149 multo
869 2106 1064 2163 justiora
1096 2113 1138 2148 et
1170 2107 1391 2148 sanctiora
1407 2106 1582 2163 judices
1606 2119 1732 2162 roga-

341 2183 487 2218 turum
521 2190 620 2217 esse
651 2174 838 2216 affirmat
871 2190 1001 2230 quam
1033 2174 1232 2222 fratrem,

312 2244 357 2300 a)
390 2258 439 2285 se
471 2242 583 2284 enim
614 2257 696 2297 pro
727 2242 990 2298 interempto
1015 2241 1113 2296 -ἓ
1145 2241 1196 2283 21
1227 2265 1270 2271 -

312 2312 355 2369 b)
385 2311 508 2352 illum
542 2324 623 2364 pro
656 2323 726 2357 ea,
759 2323 854 2362 quae
885 2309 1152 2350 interfecerit
1165 2309 1202 2334 ⁸⁴
1231 2334 1273 2340 -
1301 2309 1324 2363 ἓ
1356 2308 1411 2350 22
1439 2335 1484 2340 -

251 2392 348 2426 inest
373 2389 538 2438 quaedam
561 2383 861 2434 προκατάληψις.
922 2386 1050 2433 Neque
1089 2399 1173 2422 vero
1213 2388 1558 2434 anteoccupationes
1597 2389 1731 2423 alienas

254 2449 299 2484 ab
331 2447 493 2483 exordiis
532 2453 637 2493 putat
675 2444 935 2478 Anaximenes:
974 2444 1018 2477 cs.
1043 2457 1079 2490 p.
1104 2443 1186 2485 230,
1213 2444 1265 2479 14.
1293 2442 1346 2479 28.
1394 2444 1469 2480 Sed
1496 2446 1571 2480 haec
1594 2456 1736 2490 προκα-

251 2502 413 2552 τάληψις
438 2505 473 2539 in
498 2504 564 2539 hac
591 2515 642 2538 or.
666 2499 874 2548 βεβαιώσει
900 2500 975 2535 fere
1002 2501 1125 2535 similis
1152 2508 1219 2536 est.
1275 2501 1483 2548 Usurpatur
1514 2502 1606 2536 enim
1632 2501 1666 2535 in
1693 2510 1736 2534 ea

252 2563 377 2598 πίστις
402 2560 442 2595 ἐκ
465 2560 530 2596 τοῦ
557 2556 700 2595 εἰκότος
724 2558 758 2604 (ἓ
786 2558 913 2602 5-9),
937 2556 1140 2605 τεκμήριον
1161 2559 1195 2605 (§
1223 2559 1389 2604 10-12),
1416 2557 1614 2603 ἐνθύμημα
1638 2556 1671 2602 (ξ
1695 2555 1737 2590 12

254 2621 374 2662 extu),
397 2615 614 2663 παλιλλσγία
635 2617 668 2661 (ξ
701 2615 764 2658 13).
821 2615 908 2649 Haec
941 2616 1139 2650 secundum
1171 2617 1351 2662 quosdam
1378 2618 1413 2650 in
1436 2612 1659 2649 καταστάσει
1681 2613 1737 2648 vel

253 2671 557 2723 προκαταστάσει
579 2680 674 2709 sunt.
724 2672 919 2707 Transitus
946 2671 993 2706 ad
1020 2674 1259 2708 narrationem
1285 2672 1305 2718 ξ
1331 2672 1376 2705 13
1403 2676 1491 2706 ext-r.
1541 2669 1594 2705 Cf.
1619 2671 1736 2706 Anax.

256 2731 339 2774 216,
365 2732 396 2766 1.
423 2731 504 2772 229,
530 2730 561 2765 9.
591 2731 632 2765 19
657 2743 713 2777 sq.

353 2788 399 2823 84
448 2785 541 2835 ὖπὲρ
569 2784 610 2822 δὲ
634 2787 701 2832 τῆς
726 2783 997 2828 ἀποκτεινάσης
1022 2781 1198 2828 δεήσεται
1231 2785 1397 2829 αθέμιτα
1432 2786 1492 2818 καὶ
1520 2781 1651 2819 ἀνόσια
1681 2788 1741 2818 καὶ
