1938 3153
361 196 389 238 4

295 310 373 366 jor
418 307 620 364 quaedam
666 323 746 365 per
792 324 840 351 se
885 308 983 365 ipsa
1031 322 1116 350 non
1150 322 1198 350 ea
1232 306 1396 357 solum,
1428 321 1527 364 quae
1558 311 1782 364 praecepta

302 384 424 426 sunt,
457 377 628 432 perficit
659 384 702 419 et
731 377 925 419 illustrat
957 376 1036 418 sed
1070 391 1185 418 nova
1217 376 1345 418 etiam
1375 377 1540 418 invenit
1570 381 1613 418 et
1643 375 1701 418 ad
1731 390 1782 417 u-

300 460 396 486 sum
429 460 556 487 suum
590 447 819 487 convertit.
880 445 971 488 Sed
994 445 1223 487 Ciceroni2
1245 444 1512 487 credendum
1536 451 1623 494 est,
1646 457 1781 500 quum

298 512 356 555 ad
388 521 588 555 naturam
621 513 820 554 eximiam
854 521 894 554 et
926 514 1142 554 illustrem
1172 514 1412 555 accesserit
1442 514 1554 554 ratio
1577 512 1779 568 quaedam

298 581 679 636 conformatioque
713 580 947 630 doctrinae,
971 588 1061 623 tum
1083 581 1193 623 illud
1218 583 1367 624 nescio
1390 581 1495 637 quid
1518 581 1776 637 praeclarum

297 663 349 689 ae
394 648 615 704 singulare
654 648 799 688 solere
833 649 1059 690 exsistere.
1122 650 1187 690 Ac
1226 651 1438 691 neminem
1469 648 1559 690 fere
1591 648 1777 690 Athenis

297 716 367 758 vel
400 715 520 772 apud
554 716 769 772 populum
802 717 1137 759 concionantem
1169 717 1239 759 vel
1270 717 1314 759 in
1339 717 1508 774 judicio
1531 730 1689 759 causas
1712 714 1777 764 di-

295 790 464 825 centem
494 785 762 833 invenimus,
794 785 869 840 qui
900 801 990 827 non
1021 801 1076 827 ex
1108 785 1407 842 sophistarum
1441 784 1682 827 domestica
1711 785 1776 827 in-

294 852 523 894 stitutione
570 860 614 894 et
658 854 878 895 umbratili
927 854 1239 896 exercitatione
1271 853 1457 896 eductus
1488 854 1536 896 in
1561 853 1699 896 solem
1731 859 1775 895 et

292 919 519 976 pulverem
553 921 777 976 prodierit.
842 922 1054 964 Nimirum
1087 928 1130 963 et
1161 935 1232 963 ars
1266 922 1498 977 requiritur
1530 927 1573 963 et
1610 921 1774 963 exerci-

294 989 414 1030 tatio.
477 988 676 1044 Utraque
708 990 801 1031 sine
834 990 971 1032 altera
1004 989 1162 1031 debilis
1196 997 1265 1031 est
1297 1004 1377 1031 nec
1408 989 1645 1046 quidquam
1672 1004 1773 1045 pro-

292 1055 421 1097 ficit3.
484 1055 648 1098 Contra
681 1072 732 1098 ea
763 1058 799 1098 si
832 1058 969 1098 altera
1002 1057 1181 1098 alterius
1214 1070 1300 1110 ope
1332 1056 1586 1112 adjuvatur,
1607 1057 1772 1112 maiore

291 1123 333 1165 in
367 1123 463 1165 dies
493 1124 762 1166 incremento
796 1133 956 1180 augent
986 1126 1100 1166 inter
1132 1139 1180 1165 se
1213 1129 1257 1165 et
1286 1124 1575 1180 perpoliunt4.
1606 1123 1771 1166 Verum

293 1192 405 1232 enim
451 1206 556 1232 vero
603 1193 722 1248 apud
758 1193 942 1234 Graecos
976 1206 1109 1247 quum
1141 1191 1323 1232 aliarum
1355 1199 1445 1232 tum
1477 1192 1628 1233 harum
1661 1205 1772 1247 prae-

291 1259 418 1315 cipue
440 1274 586 1302 rerum
609 1261 800 1302 cernitur
824 1259 1105 1307 vicissitudo,
1128 1265 1176 1300 ut
1198 1272 1287 1314 quo
1311 1259 1498 1315 majores
1521 1259 1578 1302 ad
1600 1274 1771 1302 omnem

291 1329 599 1370 excellentiam
645 1328 748 1370 fecit
796 1328 1134 1384 progressiones
1182 1328 1433 1384 eloquentia
1464 1329 1579 1384 ipsa,
1612 1343 1664 1370 eo
1696 1328 1770 1370 de'·

291 1410 408 1437 mum
456 1395 708 1452 diligentior
756 1403 799 1438 et
837 1397 1083 1438 accuratior
1114 1396 1226 1436 ratio
1260 1395 1433 1437 dicendi
1465 1403 1509 1437 et
1540 1396 1772 1452 disciplina

290 1464 492 1505 evaserit.
554 1464 752 1519 Utraque
784 1465 1017 1519 utriusque
1048 1461 1323 1518 profectuum
1357 1462 1481 1504 dedit
1512 1469 1555 1505 et
1595 1478 1772 1506 causam

289 1537 332 1573 et
364 1532 641 1574 occasionem
676 1539 720 1574 et
751 1532 1073 1573 documentum.
1138 1530 1235 1572 Hoc
1257 1545 1309 1572 eo
1332 1531 1473 1573 minus
1497 1531 1540 1572 in
1563 1531 1772 1588 eloquen-

289 1599 360 1641 tiae
392 1599 511 1655 apud
546 1599 729 1643 Graecos
763 1600 946 1641 historia
980 1598 1223 1640 mirandum
1255 1606 1343 1647 est,
1369 1598 1491 1653 quod
1514 1606 1686 1641 veteres
1707 1600 1769 1642 illi

288 1667 463 1709 dicendi
511 1675 813 1724 praeceptores
861 1668 961 1709 inde
994 1682 1017 1708 a
1051 1667 1217 1708 Corace
1267 1675 1310 1707 et
1354 1666 1499 1716 Tisia,
1530 1667 1713 1718 Siculis,
1744 1670 1777 1710 a

289 1736 450 1789 quibus
496 1737 648 1792 primis
697 1736 834 1778 libros
881 1735 1128 1776 rhetoricos
1162 1736 1328 1789 (τέχνας
1358 1732 1631 1791 §wopands-⁵)
1664 1749 1769 1777 con·

288 1804 481 1858 scriptos
516 1820 615 1846 esse
645 1813 821 1847 constat
832 1804 860 1853 ⁶,
883 1818 1025 1858 usque
1048 1802 1102 1844 ad
1127 1809 1352 1843 auctorem
1376 1801 1646 1852 Rhetoricae,
1667 1812 1768 1858 quae

331 1911 333 1913 ¹
383 1918 404 1951 2
429 1917 500 1952 Pro
530 1918 639 1953 Licin.
666 1920 771 1953 Arch.
799 1919 830 1959 7,
859 1920 911 1952 15.
1759 1961 1762 1963 .

380 1973 402 2007 3
428 1974 480 2008 Cf.
507 1974 626 2016 Quint.
652 1976 677 2010 I.
705 1976 747 2010 O.
773 1976 834 2016 111,
860 1977 892 2015 5,
925 1977 948 2008 l.
980 1978 1118 2008 Auctor
1144 1973 1188 2007 ad
1215 1973 1372 2007 Herenn.
1409 1972 1601 2016 (Cornific.)
1625 1973 1652 2014 1,
1678 1974 1710 2014 1,
1736 1973 1768 2010 3,

286 2030 498 2066 Stallbaum.
524 2033 570 2067 ad
597 2033 736 2067 Platon.
764 2033 903 2068 Phaedr.
932 2032 1009 2067 269.
1037 2031 1078 2065 1).
1117 2031 1156 2066 L.
1173 2031 1341 2077 Spengel.
1370 2030 1492 2065 Ueber
1517 2031 1573 2065 die
1593 2030 1766 2066 Rhetorik

286 2087 350 2121 des
380 2090 609 2123 Aristoteles.
662 2089 843 2123 Miinclien
872 2090 969 2123 1851.
998 2102 1033 2134 p.
1063 2089 1103 2120 11
1132 2100 1186 2133 sq.
1869 2129 1872 2132 Ι

379 2147 400 2179 4
426 2145 601 2181 Praeclare
629 2145 749 2188 Quint.
776 2146 802 2180 1.
830 2146 871 2182 Ο.
897 2146 953 2188 Χ,
980 2148 1018 2186 2,
1046 2145 1065 2178 8
1092 2144 1187 2179 nulla
1217 2165 1257 2170 —
1284 2144 1398 2190 inquit
1426 2164 1466 2169 —
1494 2143 1541 2177 sit
1566 2154 1645 2184 ars,
1673 2154 1763 2190 qua·
1794 2115 1884 2200 ⁶

284 2200 326 2233 lis
355 2202 497 2235 inventa
523 2211 597 2244 est,
624 2215 690 2237 nec
717 2205 808 2237 intra
834 2205 968 2237 initium
995 2203 1105 2236 stetit.

378 2258 399 2292 5
427 2258 499 2294 Illis
524 2262 670 2304 τέχναις
694 2261 908 2307 eloquentiae
934 2272 1006 2294 non
1033 2265 1214 2307 praecepta
1240 2261 1358 2294 solum
1385 2258 1451 2293 sed
1477 2258 1643 2305 exempla
1660 2258 1767 2293 etiam

283 2317 569 2359 continebantur,
596 2318 698 2364 cujus
725 2319 866 2364 generis
894 2326 978 2352 sunt
1005 2318 1201 2364 teti-alogiae
1221 2316 1464 2362 Antiphontis.
1514 2316 1566 2351 Cf.
1592 2315 1630 2350 L.
1647 2315 1767 2364 Spen-

282 2374 350 2420 gel.
377 2376 584 2421 Συναγωμὴ
611 2374 749 2419 τεχνῶν
787 2388 814 2409 s.
851 2376 988 2409 Artium
1023 2375 1242 2421 Scriptores.
1270 2373 1403 2420 Stuttg
1429 2373 1529 2408 1828.
1557 2386 1590 2420 p.
1617 2374 1685 2408 117
1710 2386 1767 2421 sq.

282 2431 426 2466 Valent.
445 2432 545 2468 Rose
564 2433 618 2467 De
635 2434 845 2467 Aristotelis
873 2433 995 2467 libror.
1023 2431 1098 2465 ord.
1124 2438 1161 2465 et
1186 2432 1350 2466 auctorit.
1377 2430 1495 2466 Berol.
1522 2431 1624 2467 1854.
1638 2443 1672 2478 p.
1688 2431 1767 2467 101.

378 2489 398 2522 6
426 2489 477 2523 Cf.
504 2490 677 2538 Spengel.
704 2491 724 2524 l.
751 2492 772 2524 l.
804 2503 837 2537 p.
864 2489 909 2523 29
935 2501 1016 2535 sqq.
1049 2488 1094 2522 37
1121 2500 1200 2536 sqq.
1252 2489 1322 2524 Cic.
1356 2489 1401 2523 de
1432 2489 1568 2523 Invent.
1600 2488 1652 2529 11,
1686 2489 1719 2530 2,
1745 2489 1766 2522 6

283 2544 420 2580 Tisiam
447 2548 666 2583 inventorem
693 2555 728 2583 et
754 2548 950 2595 principem
978 2547 1081 2593 hujus
1116 2547 1201 2580 artis
1236 2546 1328 2581 dicit.
1381 2545 1457 2581 Sed
1483 2546 1526 2580 cf.
1551 2545 1607 2580 ld.
1632 2544 1678 2580 de
1705 2545 1766 2581 Or.

284 2603 315 2642 1,
335 2603 390 2644 20,
417 2604 470 2638 91.
498 2605 596 2641 Brut.
628 2607 678 2647 12,
706 2606 761 2641 46.
789 2606 890 2640 Marii
917 2605 1092 2639 Victorin.
1119 2605 1290 2651 expositt.
1316 2605 1350 2638 in
1377 2602 1449 2639 Cic.
1477 2603 1523 2638 de
1548 2602 1684 2638 Invent.
1704 2604 1726 2638 l.
1746 2604 1768 2638 l.

280 2672 313 2705 p.
342 2660 419 2695 207.
447 2661 502 2695 ed.
527 2662 679 2709 Neapol.
708 2663 810 2697 1777.
837 2661 986 2704 Quintil.
1009 2662 1034 2696 1.
1061 2661 1103 2696 O.
1128 2661 1188 2702 111,
1217 2662 1248 2703 1,
1273 2661 1306 2695 8.
1355 2660 1479 2695 Schol.
1503 2659 1548 2695 ad
1572 2659 1685 2695 Isocr.
1712 2671 1764 2695 or.

281 2716 326 2750 13
353 2716 371 2762 5
399 2718 456 2752 19.
