1938 3153
326 218 381 260 54

294 331 341 373 Β.
373 330 478 388 Ipsa
507 330 699 388 βάσανος
729 332 846 375 servi
876 333 1020 390 qualis
1051 332 1184 376 fuerit
1205 333 1298 391 —§
1329 334 1495 378 31-41
1528 360 1572 369 -

324 400 357 454 ¹)
389 400 557 442 Servus
589 401 698 457 quid
730 401 892 444 dixerit
916 426 964 434 -

325 468 371 526 a)
403 468 495 524 Spe
527 468 761 526 deceptum
794 485 892 513 eum
916 469 973 512 ad
990 484 1058 512 me
1076 468 1329 512 testimonio
1348 484 1431 513 suo
1449 471 1743 515 condemnan-

352 535 457 577 dum
491 537 556 591 ab,
573 537 660 578 illis
680 547 884 578 coactum
904 553 1004 579 esse
1028 537 1259 578 verisimile
1269 537 1306 562 ²⁵
1324 544 1392 579 est
1402 537 1439 563 ²⁶
1469 563 1514 576 s-
1530 538 1741 594 §31-32.

326 604 368 661 b)
401 619 482 660 spe
513 603 753 646 frustratus
785 619 853 647 me
884 605 1078 648 absolvit
1106 603 1197 660 -§
1228 604 1282 647 33
1308 630 1354 636 —

322 672 362 728 c)
394 672 530 712 nihilo
563 677 707 712 tamen
738 672 881 714 minus
904 688 1001 715 eum
1022 673 1083 714 illi
1107 680 1318 715 necarunt
1332 673 1369 699 ²⁷
1391 696 1444 704 —
1467 673 1676 725 §34—35
1691 697 1738 706 -—

350 739 612 797 [μαρτυρία].

321 808 357 861 ²)
389 807 508 861 Quid
541 823 597 849 ex
629 809 746 850 servi
777 808 1029 851 testimonio
1062 809 1209 866 colligi
1239 809 1387 865 possit
1413 834 1459 841 -

321 877 366 935 a)
399 891 488 918 non
519 877 664 918 necari
697 876 906 920 debuisse
934 893 1109 920 servum
1146 904 1192 910 —-
1228 879 1253 935 §
1284 878 1339 920 36
1364 901 1412 909 -

321 945 363 1001 b)
395 945 634 1001 posteriori
667 959 797 1000 quam
819 947 953 1001 priori
986 947 1237 989 testimonio
1263 946 1470 1002 majorem
1490 944 1622 987 fidem
1640 959 1742 988 esse

351 1012 603 1055 habendam
631 1037 675 1045 -—-
703 1013 728 1069 §
761 1014 931 1056 36-37
961 1039 1005 1045 -

321 1081 360 1138 c)
392 1095 449 1122 ex
494 1080 591 1136 ejus
638 1082 890 1123 testimonio
937 1096 959 1123 a
1007 1097 1086 1131 me,
1118 1097 1204 1124 non
1252 1083 1307 1125 ab
1351 1082 1440 1124 illis
1486 1086 1742 1138 argumenta

349 1154 392 1190 et
422 1148 583 1190 indicia
614 1154 733 1190 stare
754 1153 853 1200 -ς
884 1150 940 1191 38
969 1175 1012 1182 —
1037 1150 1285 1207 τεκμήριον.

319 1216 354 1266 ³)
386 1215 431 1272 a)
463 1215 596 1257 Falso
629 1215 848 1265 dixerunt,
879 1230 1055 1259 servum
1087 1217 1339 1260 confessum
1373 1231 1485 1260 esse.
1502 1231 1551 1258 se
1566 1216 1742 1273 adjuto·

346 1298 437 1325 rem
469 1283 574 1325 mihi
605 1282 744 1325 fuisse
777 1283 833 1325 ad
869 1283 1092 1326 Herodem
1113 1284 1459 1327 interficiendum
1486 1309 1531 1315 —
1559 1284 1663 1340 §39
1690 1309 1735 1316 -

321 1351 362 1409 b)
395 1351 505 1407 quid
538 1365 641 1392 vere
673 1350 835 1393 dixerit
860 1378 904 1385 -
933 1352 958 1409 §
991 1353 1046 1395 39
1072 1379 1118 1385 -

320 1421 359 1478 c)
392 1434 479 1476 qua
510 1434 557 1462 re
589 1428 771 1463 coactus
803 1420 891 1463 hoo
923 1421 1083 1464 dixerit
1107 1420 1206 1478 -—§
1238 1421 1421 1464 40—41.

314 1491 348 1544 ⁴)
381 1489 576 1531 Alterius
609 1489 766 1543 (liberi)
800 1488 989 1531 hominis
1021 1489 1331 1532 testimonium.
1393 1488 1435 1530 Is
1467 1504 1537 1533 me
1567 1504 1741 1547 semper

349 1557 562 1599 liberavit.
595 1556 620 1612 §
652 1557 719 1598 42.

317 1626 352 1678 ⁵)
383 1625 639 1667 Probabilia
669 1639 838 1666 mecum
871 1624 1036 1666 faciunt

320 1693 365 1750 a)
398 1693 616 1734 adversus
649 1692 682 1746 3)
715 1691 771 1749 a).
804 1691 829 1748 §
861 1692 1032 1733 43-44
1060 1717 1104 1722 —
1132 1690 1404 1749 (ἐνθύμημα)
1427 1715 1480 1724 -

355 1805 401 1839 25
449 1806 474 1848 §
501 1807 556 1840 32.
605 1804 662 1839 Ex
689 1805 851 1839 Anaxim.
879 1805 959 1843 200,
985 1805 1005 1838 3
1032 1817 1089 1851 sq.
1128 1805 1344 1840 concludere
1381 1805 1508 1852 aliquis
1550 1806 1681 1852 possit,
1706 1804 1740 1840 in

260 1864 284 1907 S
311 1864 357 1897 32
382 1861 527 1910 ἔλεγχον
551 1874 645 1898 esse.

354 1922 398 1955 26
449 1919 488 1955 ἐν
522 1918 681 1956 τούτωὸ
704 1921 775 1966 γὰρ
814 1917 941 1955 αὐτοῖς
977 1918 1076 1954 ἔστιν
1112 1917 1135 1963 ἦ
1167 1917 1351 1964 ὠφέλεια,
1391 1917 1508 1956 ἄλλως
1532 1932 1572 1954 τε
1597 1918 1665 1954 κᾶν
1686 1921 1738 1965 μή

255 1976 440 2025 παρόντες
463 1975 688 2023 τυγχάνωσιν
721 1972 772 2010 ὦν
803 1977 848 2010 ἂν
883 1974 1203 2023 καταψεύὃωνται.
1233 1975 1379 2013 τούτοις
1404 1975 1530 2012 αὐτοῖς
1556 1978 1575 2012 i.
1602 1989 1633 2016 e,
1657 1975 1738 2023 ”ε’φ’

257 2031 313 2070 οἷς
353 2033 399 2067 ἂν
425 2035 468 2069 τὸ
505 2033 680 2068 πλεῖστον
710 2035 826 2080 μέρος
862 2032 928 2075 τῆς
960 2033 1144 2078 βασάνου”
1169 2034 1348 2075 (Maetzn.).
1398 2034 1534 2080 Saupp.
1559 2032 1598 2068 ἐν
1621 2032 1739 2078 τούτῳ

258 2092 401 2126 mavult.
438 2091 523 2126 Non
550 2098 658 2128 recte.
721 2092 759 2126 Si
784 2089 902 2135 τούτῳ
930 2090 1138 2136 legerimus,
1177 2092 1296 2125 otiosa
1337 2090 1411 2126 fere
1448 2092 1515 2125 erit
1551 2098 1630 2125 tota
1665 2091 1740 2126 haec

257 2151 458 2184 enunciatio
485 2145 602 2185 ἄλλως
625 2161 665 2183 τε
691 2146 759 2182 κᾶν
782 2146 858 2182 κτλ.
885 2145 1027 2183 Λῦτοῖς
1051 2149 1069 2182 i.
1097 2161 1131 2194 q.
1157 2149 1283 2182 solis.

353 2207 398 2240 27
446 2206 470 2248 S
498 2206 543 2241 34
569 2203 866 2251 ὃιαπειραθέντα
891 2202 922 2238 δ’
946 2202 1058 2239 αὐτὸν
1094 2206 1141 2238 τὰ
1171 2202 1294 2252 ψευδῆ
1328 2203 1464 2251 λέγειν,
1502 2202 1660 2251 ὕστερον
1699 2201 1739 2239 δὲ

255 2261 403 2306 τάληθῆ
428 2260 579 2308 λέγοντα
604 2259 783 2307 οὐδέτερα
809 2259 1017 2305 ὠφέλησαν.
1057 2259 1281 2307 οὐδέτερα
1305 2262 1324 2295 i.
1351 2274 1379 2296 e.
1406 2258 1488 2296 οἴτε
1517 2263 1561 2296 τὸ
1596 2259 1741 2296 διαπει-

257 2318 425 2368 ραθῆναι
457 2320 505 2353 τὰ
531 2316 653 2366 ψευδῆ
686 2317 804 2365 λέγειν
837 2314 920 2352 οῧτε
954 2316 1109 2367 ὕστερον
1132 2316 1280 2363 τάληθῆ
1313 2316 1442 2365 λέγειν,
1473 2330 1548 2367 quae
1574 2319 1740 2366 subJecta

254 2380 368 2413 latent
393 2378 425 2412 in
452 2378 663 2423 praegressis
693 2375 899 2422 participiis.
950 2376 1118 2411 Similiter
1142 2378 1165 2419 ὃ
1192 2377 1237 2410 93
1261 2375 1314 2420 τῷ
1339 2373 1378 2411 δὲ
1414 2375 1596 2418 ξυνειδότι
1626 2375 1737 2412 τοῦτο

255 2433 344 2470 αὐτὸ
369 2438 426 2478 (=
451 2436 494 2468 τὸ
520 2429 738 2475 ξυνειδέναι)
762 2430 916 2479 πρῶτον
938 2430 1119 2476 πολέμιόν
1144 2432 1255 2466 ἐστιν.

353 2514 394 2519 ——
446 2487 549 2526 οὗτοι
587 2488 627 2525 δὲ
657 2488 824 2524 θάνατον
848 2487 901 2533 τῷ
925 2488 1067 2537 μηνυτῇ
1091 2490 1160 2533 τὴν
1183 2486 1329 2535 δωρεὰν
1363 2488 1566 2533 ἀπέδοσαν,
1598 2489 1738 2537 ἀπαγο-

256 2548 440 2596 ρευόντων
471 2548 546 2582 τῶν
583 2545 701 2593 φίλων
735 2546 810 2581 τῶν
847 2545 947 2590 ε’μῶν
980 2547 1031 2590 μὴ
1059 2545 1291 2580 ἀποκτείνειν
1314 2548 1379 2581 τὸν
1404 2545 1525 2594 ἄνδρα
1547 2551 1660 2594 πρὶν
1686 2546 1738 2582 ἂν

255 2606 340 2654 ἐγώ
379 2604 590 2649 ἔλθοιμι.
657 2605 744 2640 Sine
770 2604 881 2639 dubio
908 2600 961 2637 ἄν
988 2610 1075 2650 post
1098 2607 1188 2651 πρὶν
1210 2616 1288 2639 eum
1316 2607 1477 2652 optativo
1505 2604 1736 2650 conjunctum

255 2666 309 2699 vel
337 2665 448 2699 invito
475 2663 750 2697 Breitenbachio
790 2662 836 2696 ad
873 2661 968 2695 Xen.
1001 2661 1138 2696 Hellen.
1165 2662 1209 2702 ΙΙ,
1236 2663 1267 2703 3,
1293 2663 1338 2697 48
1364 2662 1643 2708 expungendum
1670 2668 1737 2698 est.

259 2722 312 2756 Cf.
338 2721 428 2756 Lud.
456 2719 621 2755 Dindorf.
647 2719 693 2754 ad
718 2720 739 2754 l.
757 2720 778 2756 l.
803 2726 840 2754 et
872 2719 916 2753 ad
947 2717 1040 2753 Xen.
1067 2719 1181 2753 Anab.
1213 2720 1240 2760 l,
1266 2720 1298 2760 3,
1329 2721 1369 2753 17
1393 2719 1464 2760 (ed.
1490 2719 1739 2763 Be1·01.1847).

258 2779 350 2814 Gnil.
377 2777 542 2814 Diudors.
569 2778 603 2813 in
630 2776 755 2824 Steph.
782 2777 893 2812 Thes.
921 2775 986 2818 Vl,
1011 2788 1044 2822 p.
1074 2776 1172 2810 1601.
1199 2776 1239 2809 Β.
