<?xml version="1.0" encoding="UTF-8"?>
<!DOCTYPE html PUBLIC "-//W3C//DTD XHTML 1.0 Transitional//EN"
    "http://www.w3.org/TR/xhtml1/DTD/xhtml1-transitional.dtd">
<html xmlns="http://www.w3.org/1999/xhtml" xml:lang="en" lang="en">
 <head>
  <title>
</title>
<meta http-equiv="Content-Type" content="text/html;charset=utf-8" />
  <meta name='ocr-system' content='tesseract 3.04.00' />
  <meta name='ocr-capabilities' content='ocr_page ocr_carea ocr_par ocr_line ocrx_word'/>
</head>
<body>
  <div class='ocr_page' id='page_1' title='image "./4626091_0048.png"; bbox 0 0 1938 3153; ppageno 0'>
   <div class='ocr_carea' id='block_1_1' title="bbox 239 176 295 217">
    <p class='ocr_par' dir='ltr' id='par_1_1' title="bbox 239 176 295 217">
     <span class='ocr_line' id='line_1_1' title="bbox 239 176 295 217; baseline 0 0"><span class='ocrx_word' id='word_1_1' title='bbox 239 176 295 217; x_wconf 87' lang='lat'><strong>36</strong></span> 
     </span>
    </p>
   </div>
   <div class='ocr_carea' id='block_1_2' title="bbox 183 286 1681 585">
    <p class='ocr_par' dir='ltr' id='par_1_2' title="bbox 183 286 1681 585">
     <span class='ocr_line' id='line_1_2' title="bbox 239 286 1565 349; baseline 0.005 -19"><span class='ocrx_word' id='word_1_2' title='bbox 239 290 300 331; x_wconf 86' lang='grc' dir='ltr'><strong>τὰ</strong></span> <span class='ocrx_word' id='word_1_3' title='bbox 337 289 473 346; x_wconf 83' lang='grc' dir='ltr'><strong><em>πρὸς</em></strong></span> <span class='ocrx_word' id='word_1_4' title='bbox 512 288 604 331; x_wconf 83' lang='grc' dir='ltr'><strong>τὸν</strong></span> <span class='ocrx_word' id='word_1_5' title='bbox 648 286 928 334; x_wconf 76' lang='grc' dir='ltr'><strong><em>ἀντίδικον</em></strong></span> <span class='ocrx_word' id='word_1_6' title='bbox 999 292 1327 347; x_wconf 74' lang='grc' dir='ltr'><strong>βεβαίωσις,3</strong></span> <span class='ocrx_word' id='word_1_7' title='bbox 1357 293 1381 349; x_wconf 67' lang='grc' dir='ltr'>ἓ</span> <span class='ocrx_word' id='word_1_8' title='bbox 1411 294 1565 336; x_wconf 87' lang='lat'>3—10.</span> 
     </span>
     <span class='ocr_line' id='line_1_3' title="bbox 183 345 655 405; baseline -0.002 -16"><span class='ocrx_word' id='word_1_9' title='bbox 183 345 655 405; x_wconf 80' lang='grc' dir='ltr'><strong><em>(προκατάληψις).</em></strong></span> 
     </span>
     <span class='ocr_line' id='line_1_4' title="bbox 297 414 1679 468; baseline 0 -10"><span class='ocrx_word' id='word_1_10' title='bbox 297 414 446 468; x_wconf 82' lang='lat' dir='ltr'><strong>Quare</strong></span> <span class='ocrx_word' id='word_1_11' title='bbox 468 414 605 458; x_wconf 87' lang='lat' dir='ltr'><strong>credo</strong></span> <span class='ocrx_word' id='word_1_12' title='bbox 626 430 749 458; x_wconf 90' lang='lat' dir='ltr'><strong>reum</strong></span> <span class='ocrx_word' id='word_1_13' title='bbox 770 415 827 459; x_wconf 88' lang='lat' dir='ltr'><strong>de</strong></span> <span class='ocrx_word' id='word_1_14' title='bbox 841 415 925 459; x_wconf 89' lang='lat' dir='ltr'><strong>hac</strong></span> <span class='ocrx_word' id='word_1_15' title='bbox 939 420 965 458; x_wconf 88' lang='lat'><strong>1.</strong></span> <span class='ocrx_word' id='word_1_16' title='bbox 1024 415 1181 459; x_wconf 85' lang='lat' dir='ltr'><strong>Filium</strong></span> <span class='ocrx_word' id='word_1_17' title='bbox 1212 418 1452 461; x_wconf 84' lang='lat' dir='ltr'>liberaliter</span> <span class='ocrx_word' id='word_1_18' title='bbox 1482 416 1679 464; x_wconf 83' lang='lat' dir='ltr'>educavi,</span> 
     </span>
     <span class='ocr_line' id='line_1_5' title="bbox 267 471 1681 517; baseline 0.001 -4"><span class='ocrx_word' id='word_1_19' title='bbox 267 485 406 514; x_wconf 87' lang='lat' dir='ltr'><strong>causa</strong></span> <span class='ocrx_word' id='word_1_20' title='bbox 461 471 679 515; x_wconf 82' lang='lat' dir='ltr'><strong>adversus</strong></span> <span class='ocrx_word' id='word_1_21' title='bbox 718 486 786 514; x_wconf 86' lang='lat' dir='ltr'><strong>me</strong></span> <span class='ocrx_word' id='word_1_22' title='bbox 835 488 922 515; x_wconf 89' lang='lat' dir='ltr'><strong>non</strong></span> <span class='ocrx_word' id='word_1_23' title='bbox 1023 481 1073 515; x_wconf 88' lang='lat' dir='ltr'><strong>ut</strong></span> <span class='ocrx_word' id='word_1_24' title='bbox 1103 475 1397 517; x_wconf 84' lang='lat' dir='ltr'><strong>emolumento</strong></span> <span class='ocrx_word' id='word_1_25' title='bbox 1427 474 1487 515; x_wconf 87' lang='lat' dir='ltr'><strong>rei</strong></span> <span class='ocrx_word' id='word_1_26' title='bbox 1522 473 1681 515; x_wconf 87' lang='lat' dir='ltr'><strong>ublicae</strong></span> 
     </span>
     <span class='ocr_line' id='line_1_6' title="bbox 268 528 1680 585; baseline 0.001 -13"><span class='ocrx_word' id='word_1_27' title='bbox 268 535 577 573; x_wconf 86' lang='lat' dir='ltr'><strong>contenturum</strong></span> <span class='ocrx_word' id='word_1_28' title='bbox 613 543 725 572; x_wconf 88' lang='lat' dir='ltr'><strong>esse.</strong></span> <span class='ocrx_word' id='word_1_29' title='bbox 786 528 923 573; x_wconf 84' lang='lat' dir='ltr'><strong>Filius</strong></span> <span class='ocrx_word' id='word_1_30' title='bbox 1026 529 1128 573; x_wconf 89' lang='lat' dir='ltr'><strong>olim</strong></span> <span class='ocrx_word' id='word_1_31' title='bbox 1176 538 1308 575; x_wconf 85' lang='lat' dir='ltr'><strong>esset.</strong></span> <span class='ocrx_word' id='word_1_32' title='bbox 1369 529 1469 585; x_wconf 82' lang='lat' dir='ltr'><strong>Quo</strong></span> <span class='ocrx_word' id='word_1_33' title='bbox 1535 536 1680 573; x_wconf 85' lang='lat' dir='ltr'><strong>tamen</strong></span> 
     </span>
    </p>
   </div>
   <div class='ocr_carea' id='block_1_3' title="bbox 267 587 1768 759">
    <p class='ocr_par' dir='ltr' id='par_1_3' title="bbox 267 587 1768 759">
     <span class='ocr_line' id='line_1_7' title="bbox 269 587 1680 644; baseline 0.001 -16"><span class='ocrx_word' id='word_1_34' title='bbox 269 588 384 629; x_wconf 89' lang='lat' dir='ltr'><strong>enim</strong></span> <span class='ocrx_word' id='word_1_35' title='bbox 427 602 551 630; x_wconf 90' lang='lat' dir='ltr'><strong>meus</strong></span> <span class='ocrx_word' id='word_1_36' title='bbox 591 588 648 628; x_wconf 86' lang='lat' dir='ltr'><strong>ab</strong></span> <span class='ocrx_word' id='word_1_37' title='bbox 683 587 771 629; x_wconf 90' lang='lat' dir='ltr'><strong>hoc</strong></span> <span class='ocrx_word' id='word_1_38' title='bbox 795 588 922 643; x_wconf 88' lang='lat' dir='ltr'><strong>juve·</strong></span> <span class='ocrx_word' id='word_1_39' title='bbox 1025 597 1185 644; x_wconf 86' lang='lat' dir='ltr'><strong>praeter</strong></span> <span class='ocrx_word' id='word_1_40' title='bbox 1217 589 1465 644; x_wconf 87' lang='lat' dir='ltr'>opinionem</span> <span class='ocrx_word' id='word_1_41' title='bbox 1487 588 1592 630; x_wconf 89' lang='lat' dir='ltr'>mihi</span> <span class='ocrx_word' id='word_1_42' title='bbox 1609 603 1680 629; x_wconf 86' lang='lat' dir='ltr'><strong>ac·</strong></span> 
     </span>
     <span class='ocr_line' id='line_1_8' title="bbox 267 643 1679 701; baseline 0 -15"><span class='ocrx_word' id='word_1_43' title='bbox 267 658 323 686; x_wconf 88' lang='lat' dir='ltr'><strong>nc</strong></span> <span class='ocrx_word' id='word_1_44' title='bbox 353 644 396 686; x_wconf 89' lang='lat' dir='ltr'><strong>in</strong></span> <span class='ocrx_word' id='word_1_45' title='bbox 419 643 651 701; x_wconf 82' lang='lat' dir='ltr'><strong>gymnasio</strong></span> <span class='ocrx_word' id='word_1_46' title='bbox 682 643 922 686; x_wconf 85' lang='lat' dir='ltr'><strong>transfixus</strong></span> <span class='ocrx_word' id='word_1_47' title='bbox 1024 644 1141 687; x_wconf 84' lang='lat' dir='ltr'>cidit.</span> <span class='ocrx_word' id='word_1_48' title='bbox 1173 644 1450 688; x_wconf 79' lang='lat' dir='ltr'><strong>Adolescens</strong></span> <span class='ocrx_word' id='word_1_49' title='bbox 1483 645 1594 686; x_wconf 90' lang='lat' dir='ltr'><strong>enim</strong></span> <span class='ocrx_word' id='word_1_50' title='bbox 1616 644 1679 686; x_wconf 89' lang='lat' dir='ltr'><strong>in-</strong></span> 
     </span>
     <span class='ocr_line' id='line_1_9' title="bbox 268 699 1768 759; baseline 0.001 -15"><span class='ocrx_word' id='word_1_51' title='bbox 268 701 521 758; x_wconf 87' lang='lat' dir='ltr'><strong>exspiravit.</strong></span> <span class='ocrx_word' id='word_1_52' title='bbox 552 699 580 757; x_wconf 81' lang='lat'>§</span> <span class='ocrx_word' id='word_1_53' title='bbox 616 700 650 743; x_wconf 86' lang='lat'><strong>1.</strong></span> <span class='ocrx_word' id='word_1_54' title='bbox 1024 710 1092 745; x_wconf 88' lang='lat' dir='ltr'><strong>ter</strong></span> <span class='ocrx_word' id='word_1_55' title='bbox 1113 701 1405 745; x_wconf 85' lang='lat' dir='ltr'><strong>exercendum</strong></span> <span class='ocrx_word' id='word_1_56' title='bbox 1421 701 1572 759; x_wconf 86' lang='lat' dir='ltr'><strong>jaculo</strong></span> <span class='ocrx_word' id='word_1_57' title='bbox 1597 716 1678 758; x_wconf 89' lang='lat' dir='ltr'><strong>pu·</strong></span> <span class='ocrx_word' id='word_1_58' title='bbox 1702 718 1768 754; x_wconf 62' lang='grc' dir='ltr'><strong>«ρ,</strong></span> 
     </span>
    </p>
   </div>
   <div class='ocr_carea' id='block_1_4' title="bbox 931 759 1938 2753">
    <p class='ocr_par' dir='ltr' id='par_1_4' title="bbox 931 759 1938 2753">
     <span class='ocr_line' id='line_1_10' title="bbox 1025 759 1679 802; baseline -0.002 -1"><span class='ocrx_word' id='word_1_59' title='bbox 1025 773 1146 801; x_wconf 86' lang='lat' dir='ltr'><strong>erum</strong></span> <span class='ocrx_word' id='word_1_60' title='bbox 1197 766 1430 802; x_wconf 87' lang='lat' dir='ltr'><strong>assecutus</strong></span> <span class='ocrx_word' id='word_1_61' title='bbox 1486 766 1556 802; x_wconf 89' lang='lat' dir='ltr'><strong>est</strong></span> <span class='ocrx_word' id='word_1_62' title='bbox 1603 759 1679 801; x_wconf 90' lang='lat' dir='ltr'><strong>ille</strong></span> 
     </span>
     <span class='ocr_line' id='line_1_11' title="bbox 1025 815 1677 873; baseline 0 -14"><span class='ocrx_word' id='word_1_63' title='bbox 1025 815 1222 873; x_wconf 88' lang='lat' dir='ltr'><strong>quidem,</strong></span> <span class='ocrx_word' id='word_1_64' title='bbox 1263 815 1343 859; x_wconf 87' lang='lat' dir='ltr'><strong>scd</strong></span> <span class='ocrx_word' id='word_1_65' title='bbox 1377 831 1423 859; x_wconf 85' lang='lat' dir='ltr'><strong>re</strong></span> <span class='ocrx_word' id='word_1_66' title='bbox 1454 830 1559 859; x_wconf 87' lang='lat' dir='ltr'><strong>vera</strong></span> <span class='ocrx_word' id='word_1_67' title='bbox 1588 831 1677 859; x_wconf 90' lang='lat' dir='ltr'><strong>non</strong></span> 
     </span>
     <span class='ocr_line' id='line_1_12' title="bbox 1022 873 1476 940; baseline 0.004 -25"><span class='ocrx_word' id='word_1_68' title='bbox 1022 873 1240 916; x_wconf 83' lang='lat' dir='ltr'><strong>interfecit</strong></span> <span class='ocrx_word' id='word_1_69' title='bbox 1259 873 1358 940; x_wconf 54' lang='grc' dir='ltr'><strong>-ᾗ</strong></span> <span class='ocrx_word' id='word_1_70' title='bbox 1379 874 1405 917; x_wconf 89' lang='lat'>3</span> <span class='ocrx_word' id='word_1_71' title='bbox 1424 898 1476 906; x_wconf 92' lang='lat'><em>-</em></span> 
     </span>
     <span class='ocr_line' id='line_1_13' title="bbox 995 930 1811 991; baseline 0.002 -21"><span class='ocrx_word' id='word_1_72' title='bbox 995 930 1040 987; x_wconf 85' lang='lat' dir='ltr'><strong>a)</strong></span> <span class='ocrx_word' id='word_1_73' title='bbox 1071 945 1181 986; x_wconf 86' lang='lat' dir='ltr'><strong>puer</strong></span> <span class='ocrx_word' id='word_1_74' title='bbox 1211 931 1323 973; x_wconf 89' lang='lat' dir='ltr'><strong>enim</strong></span> <span class='ocrx_word' id='word_1_75' title='bbox 1337 945 1435 987; x_wconf 76' lang='lat' dir='ltr'><strong>ipse</strong></span> <span class='ocrx_word' id='word_1_76' title='bbox 1455 931 1515 972; x_wconf 90' lang='lat' dir='ltr'><strong>ita</strong></span> <span class='ocrx_word' id='word_1_77' title='bbox 1529 930 1677 972; x_wconf 84' lang='lat' dir='ltr'><strong>incau-</strong></span> <span class='ocrx_word' id='word_1_78' title='bbox 1698 943 1811 991; x_wconf 55' lang='lat'><em>7534,</em></span> 
     </span>
     <span class='ocr_line' id='line_1_14' title="bbox 1025 986 1676 1043; baseline 0 -14"><span class='ocrx_word' id='word_1_79' title='bbox 1025 997 1097 1029; x_wconf 88' lang='lat' dir='ltr'><strong>tus</strong></span> <span class='ocrx_word' id='word_1_80' title='bbox 1142 988 1370 1043; x_wconf 89' lang='lat' dir='ltr'><strong>prosiluit,</strong></span> <span class='ocrx_word' id='word_1_81' title='bbox 1409 993 1458 1029; x_wconf 93' lang='lat' dir='ltr'><strong>ut</strong></span> <span class='ocrx_word' id='word_1_82' title='bbox 1501 986 1676 1029; x_wconf 83' lang='lat' dir='ltr'><strong>hastam</strong></span> 
     </span>
     <span class='ocr_line' id='line_1_15' title="bbox 1024 1050 1677 1087; baseline -0.002 -1"><span class='ocrx_word' id='word_1_83' title='bbox 1024 1050 1196 1086; x_wconf 87' lang='lat' dir='ltr'><strong>euntem</strong></span> <span class='ocrx_word' id='word_1_84' title='bbox 1242 1059 1319 1087; x_wconf 88' lang='lat' dir='ltr'><strong>cor</strong></span> <span class='ocrx_word' id='word_1_85' title='bbox 1353 1059 1429 1087; x_wconf 87' lang='lat' dir='ltr'><strong>ore</strong></span> <span class='ocrx_word' id='word_1_86' title='bbox 1467 1059 1550 1087; x_wconf 87' lang='lat' dir='ltr'><strong>suo</strong></span> <span class='ocrx_word' id='word_1_87' title='bbox 1586 1058 1677 1086; x_wconf 91' lang='lat' dir='ltr'><strong>mo·</strong></span> 
     </span>
     <span class='ocr_line' id='line_1_16' title="bbox 1023 1102 1447 1149; baseline 0.005 -7"><span class='ocrx_word' id='word_1_88' title='bbox 1023 1106 1216 1149; x_wconf 84' lang='lat' dir='ltr'><strong>raretur,</strong></span> <span class='ocrx_word' id='word_1_89' title='bbox 1237 1127 1284 1133; x_wconf 95' lang='lat'>—</span> <span class='ocrx_word' id='word_1_90' title='bbox 1348 1102 1375 1144; x_wconf 89' lang='lat'>4</span> <span class='ocrx_word' id='word_1_91' title='bbox 1394 1128 1447 1136; x_wconf 93' lang='lat'>—</span> 
     </span>
     <span class='ocr_line' id='line_1_17' title="bbox 995 1157 1833 1214; baseline -0.001 -15"><span class='ocrx_word' id='word_1_92' title='bbox 995 1157 1038 1214; x_wconf 80' lang='lat' dir='ltr'><strong>b)</strong></span> <span class='ocrx_word' id='word_1_93' title='bbox 1069 1172 1205 1213; x_wconf 89' lang='lat' dir='ltr'><strong>quare</strong></span> <span class='ocrx_word' id='word_1_94' title='bbox 1244 1158 1423 1214; x_wconf 85' lang='lat' dir='ltr'><strong>juvenis</strong></span> <span class='ocrx_word' id='word_1_95' title='bbox 1464 1157 1678 1199; x_wconf 89' lang='lat' dir='ltr'><strong>immerito</strong></span> <span class='ocrx_word' id='word_1_96' title='bbox 1696 1158 1833 1209; x_wconf 50' lang='lat' dir='ltr'>7¹0·st</span> 
     </span>
     <span class='ocr_line' id='line_1_18' title="bbox 1024 1214 1676 1271; baseline 0 -16"><span class='ocrx_word' id='word_1_97' title='bbox 1024 1221 1257 1257; x_wconf 83' lang='lat' dir='ltr'><strong>accusatur</strong></span> <span class='ocrx_word' id='word_1_98' title='bbox 1286 1215 1412 1271; x_wconf 86' lang='lat' dir='ltr'><strong>pueri</strong></span> <span class='ocrx_word' id='word_1_99' title='bbox 1434 1214 1581 1264; x_wconf 89' lang='lat' dir='ltr'><strong>occisi,</strong></span> <span class='ocrx_word' id='word_1_100' title='bbox 1602 1214 1676 1270; x_wconf 91' lang='lat' dir='ltr'><strong>qui</strong></span> 
     </span>
     <span class='ocr_line' id='line_1_19' title="bbox 1024 1271 1921 1321; baseline 0.002 -8"><span class='ocrx_word' id='word_1_101' title='bbox 1024 1272 1062 1313; x_wconf 90' lang='lat' dir='ltr'><strong>si</strong></span> <span class='ocrx_word' id='word_1_102' title='bbox 1093 1271 1250 1314; x_wconf 86' lang='lat' dir='ltr'><strong>eodem</strong></span> <span class='ocrx_word' id='word_1_103' title='bbox 1279 1274 1324 1314; x_wconf 92' lang='lat' dir='ltr'><strong>in</strong></span> <span class='ocrx_word' id='word_1_104' title='bbox 1354 1272 1477 1321; x_wconf 84' lang='lat' dir='ltr'><strong>loco,</strong></span> <span class='ocrx_word' id='word_1_105' title='bbox 1539 1287 1597 1314; x_wconf 91' lang='lat' dir='ltr'><strong>uo</strong></span> <span class='ocrx_word' id='word_1_106' title='bbox 1635 1286 1677 1314; x_wconf 89' lang='lat' dir='ltr'><strong>e·</strong></span> <span class='ocrx_word' id='word_1_107' title='bbox 1909 1279 1921 1305; x_wconf 53' lang='grc' dir='ltr'>ί</span> 
     </span>
     <span class='ocr_line' id='line_1_20' title="bbox 1023 1297 1926 1397; baseline 0.001 -28"><span class='ocrx_word' id='word_1_108' title='bbox 1023 1333 1112 1377; x_wconf 86' lang='lat' dir='ltr'><strong>rat,</strong></span> <span class='ocrx_word' id='word_1_109' title='bbox 1143 1328 1396 1378; x_wconf 79' lang='lat' dir='ltr'><strong>mansisset,</strong></span> <span class='ocrx_word' id='word_1_110' title='bbox 1412 1329 1517 1384; x_wconf 87' lang='lat' dir='ltr'><strong>jacu</strong></span> <span class='ocrx_word' id='word_1_111' title='bbox 1537 1343 1565 1370; x_wconf 91' lang='lat' dir='ltr'><strong>o</strong></span> <span class='ocrx_word' id='word_1_112' title='bbox 1585 1342 1674 1370; x_wconf 89' lang='lat' dir='ltr'><strong>non</strong></span> <span class='ocrx_word' id='word_1_113' title='bbox 1888 1297 1926 1397; x_wconf 48' lang='lat' dir='ltr'><em>A</em></span> 
     </span>
     <span class='ocr_line' id='line_1_21' title="bbox 1057 1383 1938 1443; baseline 0 -16"><span class='ocrx_word' id='word_1_114' title='bbox 1057 1391 1259 1427; x_wconf 77' lang='lat' dir='ltr'><strong>etet-etur.</strong></span> <span class='ocrx_word' id='word_1_115' title='bbox 1291 1384 1317 1441; x_wconf 80' lang='lat'>§</span> <span class='ocrx_word' id='word_1_116' title='bbox 1348 1385 1386 1427; x_wconf 85' lang='lat'><strong>5.</strong></span> <span class='ocrx_word' id='word_1_117' title='bbox 1417 1383 1547 1434; x_wconf 83' lang='grc' dir='ltr'><strong><em>εἰκός.</em></strong></span> <span class='ocrx_word' id='word_1_118' title='bbox 1916 1399 1938 1443; x_wconf 70' lang='grc' dir='ltr'><strong>·μ</strong></span> 
     </span>
     <span class='ocr_line' id='line_1_22' title="bbox 938 1399 1931 1493; baseline 0.003 -13"><span class='ocrx_word' id='word_1_119' title='bbox 938 1443 980 1481; x_wconf 87' lang='lat'><strong>11.</strong></span> <span class='ocrx_word' id='word_1_120' title='bbox 1013 1399 1159 1493; x_wconf 54' lang='lat' dir='ltr'><strong>guum</strong></span> <span class='ocrx_word' id='word_1_121' title='bbox 1190 1456 1452 1483; x_wconf 88' lang='lat' dir='ltr'><strong>concessum</strong></span> <span class='ocrx_word' id='word_1_122' title='bbox 1483 1442 1560 1491; x_wconf 80' lang='lat' dir='ltr'><strong>sit,</strong></span> <span class='ocrx_word' id='word_1_123' title='bbox 1591 1455 1679 1483; x_wconf 89' lang='lat' dir='ltr'><strong>non</strong></span> <span class='ocrx_word' id='word_1_124' title='bbox 1929 1450 1931 1452; x_wconf 78' lang='grc'><strong>’</strong></span> 
     </span>
     <span class='ocr_line' id='line_1_23' title="bbox 1025 1497 1878 1567; baseline 0 -28"><span class='ocrx_word' id='word_1_125' title='bbox 1025 1498 1317 1540; x_wconf 88' lang='lat' dir='ltr'><strong>voluntariam</strong></span> <span class='ocrx_word' id='word_1_126' title='bbox 1360 1497 1528 1540; x_wconf 85' lang='lat' dir='ltr'><strong>caedem</strong></span> <span class='ocrx_word' id='word_1_127' title='bbox 1557 1512 1678 1547; x_wconf 84' lang='lat' dir='ltr'><strong>esse,</strong></span> <span class='ocrx_word' id='word_1_128' title='bbox 1705 1520 1878 1567; x_wconf 71' lang='lat' dir='ltr'><strong>a2.78;10.</strong></span> 
     </span>
     <span class='ocr_line' id='line_1_24' title="bbox 1025 1529 1934 1610; baseline 0.001 -14"><span class='ocrx_word' id='word_1_129' title='bbox 1025 1569 1080 1596; x_wconf 88' lang='lat' dir='ltr'><strong>ex</strong></span> <span class='ocrx_word' id='word_1_130' title='bbox 1124 1555 1225 1610; x_wconf 89' lang='lat' dir='ltr'><strong>ipso</strong></span> <span class='ocrx_word' id='word_1_131' title='bbox 1272 1569 1441 1603; x_wconf 86' lang='lat' dir='ltr'><strong>errore,</strong></span> <span class='ocrx_word' id='word_1_132' title='bbox 1487 1554 1587 1610; x_wconf 87' lang='lat' dir='ltr'><strong>quis</strong></span> <span class='ocrx_word' id='word_1_133' title='bbox 1622 1555 1681 1596; x_wconf 89' lang='lat' dir='ltr'><strong>sit</strong></span> <span class='ocrx_word' id='word_1_134' title='bbox 1806 1565 1863 1602; x_wconf 68' lang='lat'><strong>07.</strong></span> <span class='ocrx_word' id='word_1_135' title='bbox 1929 1529 1934 1601; x_wconf 61' lang='lat' dir='ltr'>i</span> 
     </span>
     <span class='ocr_line' id='line_1_25' title="bbox 1024 1611 1933 1668; baseline 0.001 -15"><span class='ocrx_word' id='word_1_136' title='bbox 1024 1611 1121 1667; x_wconf 87' lang='lat' dir='ltr'><strong>ejus</strong></span> <span class='ocrx_word' id='word_1_137' title='bbox 1153 1617 1328 1661; x_wconf 86' lang='lat' dir='ltr'><strong>auctor,</strong></span> <span class='ocrx_word' id='word_1_138' title='bbox 1367 1616 1554 1668; x_wconf 85' lang='lat' dir='ltr'><strong>apparet</strong></span> <span class='ocrx_word' id='word_1_139' title='bbox 1581 1611 1680 1667; x_wconf 87' lang='lat' dir='ltr'><strong>ipse</strong></span> <span class='ocrx_word' id='word_1_140' title='bbox 1930 1622 1933 1630; x_wconf 78' lang='lat'><em>¹</em></span> 
     </span>
     <span class='ocr_line' id='line_1_26' title="bbox 1027 1674 1935 1711; baseline 0.001 -1"><span class='ocrx_word' id='word_1_141' title='bbox 1027 1674 1190 1710; x_wconf 87' lang='lat' dir='ltr'><strong>auctor.</strong></span> <span class='ocrx_word' id='word_1_142' title='bbox 1933 1706 1935 1711; x_wconf 87' lang='lat'><em>.</em></span> 
     </span>
     <span class='ocr_line' id='line_1_27' title="bbox 999 1722 1937 1799; baseline 0 -34"><span class='ocrx_word' id='word_1_143' title='bbox 999 1724 1044 1779; x_wconf 87' lang='lat' dir='ltr'><strong>a)</strong></span> <span class='ocrx_word' id='word_1_144' title='bbox 1074 1725 1177 1766; x_wconf 91' lang='lat' dir='ltr'><strong>Non</strong></span> <span class='ocrx_word' id='word_1_145' title='bbox 1204 1724 1262 1771; x_wconf 87' lang='lat' dir='ltr'><strong>is,</strong></span> <span class='ocrx_word' id='word_1_146' title='bbox 1285 1724 1360 1779; x_wconf 88' lang='lat' dir='ltr'><strong>qui</strong></span> <span class='ocrx_word' id='word_1_147' title='bbox 1380 1738 1470 1765; x_wconf 87' lang='lat' dir='ltr'><strong>rem</strong></span> <span class='ocrx_word' id='word_1_148' title='bbox 1491 1724 1547 1765; x_wconf 87' lang='lat' dir='ltr'><strong>ali</strong></span> <span class='ocrx_word' id='word_1_149' title='bbox 1581 1738 1681 1765; x_wconf 89' lang='lat' dir='ltr'><strong>uam</strong></span> <span class='ocrx_word' id='word_1_150' title='bbox 1896 1722 1937 1799; x_wconf 53' lang='lat' dir='ltr'><strong>‘fi</strong></span> 
     </span>
     <span class='ocr_line' id='line_1_28' title="bbox 1026 1780 1935 1830; baseline 0 -8"><span class='ocrx_word' id='word_1_151' title='bbox 1026 1780 1193 1822; x_wconf 86' lang='lat' dir='ltr'><strong>inscius</strong></span> <span class='ocrx_word' id='word_1_152' title='bbox 1240 1785 1285 1821; x_wconf 88' lang='lat' dir='ltr'><strong>et</strong></span> <span class='ocrx_word' id='word_1_153' title='bbox 1327 1780 1490 1822; x_wconf 87' lang='lat' dir='ltr'><strong>invitus</strong></span> <span class='ocrx_word' id='word_1_154' title='bbox 1527 1780 1682 1830; x_wconf 67' lang='lat' dir='ltr'><strong>efficit,</strong></span> <span class='ocrx_word' id='word_1_155' title='bbox 1914 1785 1935 1803; x_wconf 78' lang='lat'><strong>‘¹</strong></span> 
     </span>
     <span class='ocr_line' id='line_1_29' title="bbox 1028 1836 1682 1893; baseline 0 -14"><span class='ocrx_word' id='word_1_156' title='bbox 1028 1836 1111 1879; x_wconf 89' lang='lat' dir='ltr'><strong>sed</strong></span> <span class='ocrx_word' id='word_1_157' title='bbox 1141 1837 1201 1886; x_wconf 83' lang='lat' dir='ltr'><strong>is,</strong></span> <span class='ocrx_word' id='word_1_158' title='bbox 1234 1837 1308 1892; x_wconf 87' lang='lat' dir='ltr'><strong>qui</strong></span> <span class='ocrx_word' id='word_1_159' title='bbox 1340 1837 1483 1880; x_wconf 86' lang='lat' dir='ltr'><strong>sciens</strong></span> <span class='ocrx_word' id='word_1_160' title='bbox 1515 1843 1559 1880; x_wconf 86' lang='lat' dir='ltr'><strong>et</strong></span> <span class='ocrx_word' id='word_1_161' title='bbox 1578 1852 1682 1893; x_wconf 90' lang='lat' dir='ltr'><strong>pru-</strong></span> 
     </span>
     <span class='ocr_line' id='line_1_30' title="bbox 1029 1892 1681 1950; baseline 0.002 -15"><span class='ocrx_word' id='word_1_162' title='bbox 1029 1893 1139 1935; x_wconf 84' lang='lat' dir='ltr'><strong>dens</strong></span> <span class='ocrx_word' id='word_1_163' title='bbox 1170 1893 1241 1935; x_wconf 89' lang='lat' dir='ltr'><strong>vel</strong></span> <span class='ocrx_word' id='word_1_164' title='bbox 1271 1892 1376 1935; x_wconf 89' lang='lat' dir='ltr'><strong>facit</strong></span> <span class='ocrx_word' id='word_1_165' title='bbox 1405 1894 1477 1936; x_wconf 88' lang='lat' dir='ltr'><strong>vel</strong></span> <span class='ocrx_word' id='word_1_166' title='bbox 1498 1894 1681 1950; x_wconf 85' lang='lat' dir='ltr'><strong>patitur,</strong></span> 
     </span>
     <span class='ocr_line' id='line_1_31' title="bbox 1027 1950 1678 2008; baseline 0.002 -15"><span class='ocrx_word' id='word_1_167' title='bbox 1027 1956 1183 1993; x_wconf 87' lang='lat' dir='ltr'><strong>auctor</strong></span> <span class='ocrx_word' id='word_1_168' title='bbox 1229 1955 1273 1992; x_wconf 85' lang='lat' dir='ltr'><strong>ct</strong></span> <span class='ocrx_word' id='word_1_169' title='bbox 1316 1964 1448 1993; x_wconf 88' lang='lat' dir='ltr'><strong>causa</strong></span> <span class='ocrx_word' id='word_1_170' title='bbox 1489 1951 1585 2008; x_wconf 87' lang='lat' dir='ltr'><strong>ejus</strong></span> <span class='ocrx_word' id='word_1_171' title='bbox 1616 1950 1678 1994; x_wconf 89' lang='lat' dir='ltr'><strong>rei</strong></span> 
     </span>
     <span class='ocr_line' id='line_1_32' title="bbox 1027 2006 1456 2065; baseline 0 -16"><span class='ocrx_word' id='word_1_172' title='bbox 1027 2009 1136 2050; x_wconf 48' lang='lat' dir='ltr'><strong>esta</strong></span> <span class='ocrx_word' id='word_1_173' title='bbox 1167 2006 1193 2063; x_wconf 87' lang='lat'>§</span> <span class='ocrx_word' id='word_1_174' title='bbox 1224 2007 1262 2049; x_wconf 89' lang='lat'><strong>6.</strong></span> <span class='ocrx_word' id='word_1_175' title='bbox 1293 2006 1456 2065; x_wconf 80' lang='grc' dir='ltr'><em>γνώμη.</em></span> 
     </span>
     <span class='ocr_line' id='line_1_33' title="bbox 999 2062 1768 2123; baseline 0.001 -17"><span class='ocrx_word' id='word_1_176' title='bbox 999 2064 1040 2123; x_wconf 86' lang='lat' dir='ltr'><strong>b)</strong></span> <span class='ocrx_word' id='word_1_177' title='bbox 1063 2063 1212 2117; x_wconf 82' lang='lat' dir='ltr'><strong>Quare</strong></span> <span class='ocrx_word' id='word_1_178' title='bbox 1242 2062 1504 2106; x_wconf 88' lang='lat' dir='ltr'><strong>adolescens</strong></span> <span class='ocrx_word' id='word_1_179' title='bbox 1534 2064 1684 2106; x_wconf 90' lang='lat' dir='ltr'><strong>nonin</strong></span> <span class='ocrx_word' id='word_1_180' title='bbox 1706 2074 1768 2119; x_wconf 77' lang='lat'><strong>79.</strong></span> 
     </span>
     <span class='ocr_line' id='line_1_34' title="bbox 1028 2121 1688 2177; baseline 0 -14"><span class='ocrx_word' id='word_1_181' title='bbox 1028 2121 1161 2177; x_wconf 89' lang='lat' dir='ltr'><strong>culpa</strong></span> <span class='ocrx_word' id='word_1_182' title='bbox 1191 2126 1272 2163; x_wconf 86' lang='lat' dir='ltr'><strong>est.</strong></span> <span class='ocrx_word' id='word_1_183' title='bbox 1324 2121 1481 2177; x_wconf 89' lang='lat' dir='ltr'><strong>Neque</strong></span> <span class='ocrx_word' id='word_1_184' title='bbox 1517 2122 1631 2163; x_wconf 90' lang='lat' dir='ltr'><strong>enim</strong></span> <span class='ocrx_word' id='word_1_185' title='bbox 1661 2136 1688 2163; x_wconf 91' lang='lat' dir='ltr'><strong>a</strong></span> 
     </span>
     <span class='ocr_line' id='line_1_35' title="bbox 1029 2178 1686 2235; baseline 0 -14"><span class='ocrx_word' id='word_1_186' title='bbox 1029 2192 1171 2235; x_wconf 90' lang='lat' dir='ltr'><strong>scopo</strong></span> <span class='ocrx_word' id='word_1_187' title='bbox 1188 2178 1410 2221; x_wconf 81' lang='lat' dir='ltr'><strong>aberravit</strong></span> <span class='ocrx_word' id='word_1_188' title='bbox 1424 2191 1567 2234; x_wconf 87' lang='lat' dir='ltr'><strong>neque</strong></span> <span class='ocrx_word' id='word_1_189' title='bbox 1584 2192 1663 2221; x_wconf 85' lang='lat' dir='ltr'><strong>cos</strong></span> <span class='ocrx_word' id='word_1_190' title='bbox 1676 2211 1686 2231; x_wconf 89' lang='lat'>,</span> 
     </span>
     <span class='ocr_line' id='line_1_36' title="bbox 1030 2234 1686 2292; baseline 0.003 -15"><span class='ocrx_word' id='word_1_191' title='bbox 1030 2235 1106 2292; x_wconf 91' lang='lat' dir='ltr'><strong>qui</strong></span> <span class='ocrx_word' id='word_1_192' title='bbox 1137 2234 1296 2292; x_wconf 88' lang='lat' dir='ltr'><strong>procul</strong></span> <span class='ocrx_word' id='word_1_193' title='bbox 1313 2250 1338 2278; x_wconf 91' lang='lat' dir='ltr'><strong>a</strong></span> <span class='ocrx_word' id='word_1_194' title='bbox 1354 2241 1469 2279; x_wconf 80' lang='lat' dir='ltr'><strong>meta</strong></span> <span class='ocrx_word' id='word_1_195' title='bbox 1484 2236 1686 2286; x_wconf 89' lang='lat' dir='ltr'><strong>aberant,</strong></span> 
     </span>
     <span class='ocr_line' id='line_1_37' title="bbox 1030 2292 1579 2350; baseline 0.004 -16"><span class='ocrx_word' id='word_1_196' title='bbox 1030 2292 1225 2335; x_wconf 76' lang='lat' dir='ltr'><strong>offendit,</strong></span> <span class='ocrx_word' id='word_1_197' title='bbox 1256 2292 1283 2349; x_wconf 81' lang='lat'>§</span> <span class='ocrx_word' id='word_1_198' title='bbox 1314 2293 1352 2334; x_wconf 91' lang='grc'><strong>7.</strong></span> <span class='ocrx_word' id='word_1_199' title='bbox 1384 2298 1579 2350; x_wconf 82' lang='grc' dir='ltr'><em>σημεῖον.</em></span> 
     </span>
     <span class='ocr_line' id='line_1_38' title="bbox 1000 2348 1796 2407; baseline 0.003 -15"><span class='ocrx_word' id='word_1_200' title='bbox 1000 2350 1039 2407; x_wconf 87' lang='lat' dir='ltr'><strong>c)</strong></span> <span class='ocrx_word' id='word_1_201' title='bbox 1068 2348 1187 2392; x_wconf 86' lang='lat' dir='ltr'><strong>Puer</strong></span> <span class='ocrx_word' id='word_1_202' title='bbox 1227 2348 1326 2405; x_wconf 91' lang='lat' dir='ltr'><strong>ipse</strong></span> <span class='ocrx_word' id='word_1_203' title='bbox 1364 2349 1420 2392; x_wconf 90' lang='lat' dir='ltr'><strong>de</strong></span> <span class='ocrx_word' id='word_1_204' title='bbox 1457 2350 1579 2401; x_wconf 92' lang='lat' dir='ltr'><strong>loco,</strong></span> <span class='ocrx_word' id='word_1_205' title='bbox 1608 2350 1682 2394; x_wconf 86' lang='lat' dir='ltr'><strong>ubi</strong></span> <span class='ocrx_word' id='word_1_206' title='bbox 1706 2358 1796 2406; x_wconf 77' lang='lat'><strong>7537.</strong></span> 
     </span>
     <span class='ocr_line' id='line_1_39' title="bbox 1030 2405 1684 2463; baseline 0.003 -16"><span class='ocrx_word' id='word_1_207' title='bbox 1030 2406 1068 2447; x_wconf 86' lang='lat' dir='ltr'><strong>si</strong></span> <span class='ocrx_word' id='word_1_208' title='bbox 1099 2405 1337 2448; x_wconf 86' lang='lat' dir='ltr'><strong>mansisset</strong></span> <span class='ocrx_word' id='word_1_209' title='bbox 1366 2406 1477 2450; x_wconf 86' lang='lat' dir='ltr'><strong>liber</strong></span> <span class='ocrx_word' id='word_1_210' title='bbox 1513 2421 1540 2450; x_wconf 87' lang='lat' dir='ltr'><strong>a</strong></span> <span class='ocrx_word' id='word_1_211' title='bbox 1569 2408 1684 2463; x_wconf 85' lang='lat' dir='ltr'><strong>peri-</strong></span> 
     </span>
     <span class='ocr_line' id='line_1_40' title="bbox 1031 2462 1683 2512; baseline 0.003 -9"><span class='ocrx_word' id='word_1_212' title='bbox 1031 2462 1133 2504; x_wconf 88' lang='lat' dir='ltr'><strong>culo</strong></span> <span class='ocrx_word' id='word_1_213' title='bbox 1179 2468 1319 2512; x_wconf 86' lang='lat' dir='ltr'><strong>esset,</strong></span> <span class='ocrx_word' id='word_1_214' title='bbox 1351 2463 1530 2512; x_wconf 83' lang='lat' dir='ltr'><strong>erravit,</strong></span> <span class='ocrx_word' id='word_1_215' title='bbox 1560 2463 1683 2505; x_wconf 86' lang='lat' dir='ltr'><strong>ideo-</strong></span> 
     </span>
     <span class='ocr_line' id='line_1_41' title="bbox 1031 2520 1684 2576; baseline 0.002 -14"><span class='ocrx_word' id='word_1_216' title='bbox 1031 2534 1117 2576; x_wconf 87' lang='lat' dir='ltr'><strong>que</strong></span> <span class='ocrx_word' id='word_1_217' title='bbox 1150 2534 1232 2562; x_wconf 90' lang='lat' dir='ltr'><strong>nos</strong></span> <span class='ocrx_word' id='word_1_218' title='bbox 1255 2520 1386 2576; x_wconf 85' lang='lat' dir='ltr'><strong>culpa</strong></span> <span class='ocrx_word' id='word_1_219' title='bbox 1406 2520 1619 2570; x_wconf 85' lang='lat' dir='ltr'><strong>liberavit,</strong></span> <span class='ocrx_word' id='word_1_220' title='bbox 1636 2535 1684 2563; x_wconf 90' lang='lat' dir='ltr'><strong>se</strong></span> 
     </span>
     <span class='ocr_line' id='line_1_42' title="bbox 1029 2577 1685 2634; baseline 0 -14"><span class='ocrx_word' id='word_1_221' title='bbox 1029 2578 1128 2634; x_wconf 90' lang='lat' dir='ltr'><strong>ipse</strong></span> <span class='ocrx_word' id='word_1_222' title='bbox 1172 2577 1293 2620; x_wconf 86' lang='lat' dir='ltr'><strong>ultus</strong></span> <span class='ocrx_word' id='word_1_223' title='bbox 1342 2577 1449 2620; x_wconf 83' lang='lat' dir='ltr'><strong>est⁵.</strong></span> <span class='ocrx_word' id='word_1_224' title='bbox 1495 2577 1590 2634; x_wconf 81' lang='lat'><strong>§8.</strong></span> <span class='ocrx_word' id='word_1_225' title='bbox 1619 2592 1685 2621; x_wconf 83' lang='grc' dir='ltr'><strong>τε·</strong></span> 
     </span>
     <span class='ocr_line' id='line_1_43' title="bbox 1032 2634 1869 2693; baseline 0.006 -16"><span class='ocrx_word' id='word_1_226' title='bbox 1032 2634 1232 2693; x_wconf 83' lang='grc' dir='ltr'><em>κμήριον.</em></span> <span class='ocrx_word' id='word_1_227' title='bbox 1867 2648 1869 2650; x_wconf 84' lang='grc'><em>“</em></span> 
     </span>
     <span class='ocr_line' id='line_1_44' title="bbox 931 2658 1885 2753; baseline 0.008 -19"><span class='ocrx_word' id='word_1_228' title='bbox 931 2658 939 2749; x_wconf 76' lang='grc' dir='ltr'>Ι</span> <span class='ocrx_word' id='word_1_229' title='bbox 1004 2693 1050 2749; x_wconf 83' lang='lat' dir='ltr'><strong>d)</strong></span> <span class='ocrx_word' id='word_1_230' title='bbox 1081 2692 1177 2737; x_wconf 85' lang='lat' dir='ltr'><strong>Lex</strong></span> <span class='ocrx_word' id='word_1_231' title='bbox 1206 2707 1289 2737; x_wconf 88' lang='lat' dir='ltr'><strong>nos</strong></span> <span class='ocrx_word' id='word_1_232' title='bbox 1321 2692 1490 2737; x_wconf 84' lang='lat' dir='ltr'><strong>liberat.</strong></span> <span class='ocrx_word' id='word_1_233' title='bbox 1515 2692 1541 2751; x_wconf 86' lang='lat'>§</span> <span class='ocrx_word' id='word_1_234' title='bbox 1563 2694 1601 2738; x_wconf 86' lang='lat'><strong>9.</strong></span> <span class='ocrx_word' id='word_1_235' title='bbox 1616 2693 1688 2738; x_wconf 87' lang='grc' dir='ltr'><strong>νό-</strong></span> <span class='ocrx_word' id='word_1_236' title='bbox 1711 2705 1885 2753; x_wconf 69' lang='grc' dir='ltr'><strong>β9.γ7;10.</strong></span> 
     </span>
    </p>
   </div>
  </div>
 </body>
</html>
