1938 3153
321 221 375 264 76

262 345 435 382 essent.
467 336 597 378 simul
629 345 761 392 atque
801 336 870 380 his
903 338 1035 380 tantis
1068 338 1388 381 calamitatibus
1407 339 1616 382 liberatus
1635 354 1744 389 sum,

261 403 368 444 nihil
401 405 625 459 antiquius
658 405 786 454 duxi,
818 421 946 461 quam
978 415 1026 448 ut
1057 408 1167 448 bene
1201 406 1256 447 de
1288 407 1514 462 republica
1542 422 1742 450 mererer·

317 473 625 526 βεβαίωσις.
661 472 686 527 §
725 474 899 514 17-26.

227 536 289 590 ,1.
352 537 732 581 Considerandum
780 547 867 587 est,
914 549 1079 595 quanto
1121 555 1215 581 mea
1246 542 1287 582 in
1321 541 1633 596 rempublicam
1665 543 1740 583 be-

348 606 503 647 neficia
548 621 573 647 a
604 607 763 647 ceteris
795 607 1044 649 ministeriis
1079 607 1290 649 differant.
1324 608 1349 663 ὃ
1388 608 1563 650 17-18.
1595 607 1738 664 παροί-

345 673 512 727 δειγμα.
545 672 845 733 γνωμολογικὴ
877 672 1067 732 τελευτή.
1103 674 1165 715 Cf.
1198 674 1395 716 Anaxim.
1428 674 1528 723 221,
1559 675 1585 717 6
1607 689 1705 731 sqq.

254 740 306 782 11.
339 742 371 793 ¹)
404 741 516 793 Quae
562 742 772 784 beneficia
819 757 915 784 mea
952 744 995 784 in
1028 744 1337 798 rempublicam
1372 744 1541 785 senatui
1573 743 1738 786 delibe-

342 808 482 849 randa
527 809 753 858 mandavi,
801 824 851 851 ea
884 810 1115 851 verisimile
1149 818 1218 851 est
1250 810 1404 851 melius
1437 809 1679 852 consultari
1710 825 1735 851 a

341 885 519 923 senatu,
560 878 630 918 cui
671 878 807 919 otium
839 885 1067 933 suppetat.
1099 893 1227 932 quam
1261 893 1285 918 a
1317 878 1465 925 vobis,
1497 891 1611 932 quos
1643 885 1733 919 sta-

341 943 416 985 tim
451 958 541 986 rem
574 944 810 987 decernere
843 952 1057 1001 oporteat.
1093 945 1118 1001 §
1158 946 1216 986 19.
1247 943 1377 992 εἰκός.

311 1012 351 1063 ²)
384 1012 496 1063 Quae
520 1014 612 1068 jam
646 1028 671 1054 a
703 1028 769 1055 me
801 1022 952 1068 parata
986 1020 1109 1061 sunt,
1128 1013 1266 1055 ess'erri
1290 1014 1331 1054 in
1352 1013 1510 1069 vulgus
1527 1022 1730 1068 possunt.

338 1078 686 1131 Quatuordecim
719 1095 853 1122 naves
886 1081 1180 1122 frumentariae
1213 1096 1235 1121 e
1268 1080 1417 1137 Cypro
1449 1087 1614 1122 evectae
1637 1080 1729 1135 jam

339 1147 395 1188 ad
429 1147 642 1189 Piraeeum
661 1148 946 1203 appelluntur
963 1149 1010 1188 ⁷⁷.
1045 1148 1180 1203 §20-
1205 1149 1270 1189 21.
1289 1150 1518 1205 συμφέρον
1534 1148 1729 1204 (κέρδος).

248 1261 267 1307 §
296 1262 313 1295 1
342 1261 448 1308 εἴπερ
473 1263 543 1308 γὰρ
569 1259 591 1305 ἧ
621 1259 728 1297 πόλις
753 1259 928 1296 ἁπάντων
956 1261 1031 1296 τῶν
1065 1259 1360 1305 πολιτευομένων
1397 1259 1500 1305 κοινή
1528 1259 1624 1302 ἔστι,
1651 1264 1727 1295 καὶ

246 1320 294 1352 τὰ
318 1317 513 1364 γιγνόμενα
538 1315 659 1361 δήπου
695 1316 821 1363 ἀγαθὰ
845 1318 891 1365 τῇ
916 1316 1024 1351 πόλει
1046 1316 1151 1351 κοινά
1178 1316 1268 1351 ἐστι.
1319 1318 1345 1358 1,
1371 1319 1416 1351 ‘22
1441 1315 1531 1351 ἀλλὰ
1554 1319 1624 1364 γὰρ
1650 1321 1727 1352 καὶ

246 1372 311 1409 ὅτε
336 1373 581 1409 Σπεύσιππον
608 1371 761 1408 ἐδίωκεν
787 1372 806 1409 ὁ
831 1376 955 1421 πατὴρ
984 1374 1059 1407 τῶν
1083 1372 1325 1419 παρανόμων,
1353 1372 1445 1408 αιἰτὰ
1460 1374 1577 1408 ταῦτα
1594 1372 1725 1421 ἔλεγεν.

247 1431 310 1472 111,
337 1431 383 1465 26
406 1432 458 1474 μὴ
484 1430 730 1475 βοηθούντων
752 1431 821 1475 μὲν
847 1425 910 1465 οὖν
940 1428 1041 1474 ὑμῶν
1077 1427 1182 1464 οὐδὲ
1219 1428 1325 1475 λόγος
1349 1428 1600 1465 ὑπολείπεται.
1651 1433 1727 1465 An-

245 1488 334 1533 tiph.
359 1487 386 1527 I,
414 1489 434 1518 5
459 1484 644 1529 θαυμάζω
681 1484 714 1519 δ’
738 1487 848 1531 ἔγωγε
883 1490 958 1518 καὶ
992 1486 1059 1519 τοῦ
1096 1484 1273 1529 ἀδελφοῦ.
1323 1488 1466 1520 Andoe.
1491 1487 1534 1526 II,
1564 1490 1604 1520 15
1631 1487 1723 1532 ὅπερ

243 1557 313 1589 μοι
337 1546 413 1578 καὶ
441 1540 615 1577 πλείστου
651 1538 757 1583 ἄξιον
792 1540 966 1588 ἐγίγνετο.
1015 1543 1062 1576 ib.
1088 1542 1106 1587 ξ
1136 1542 1177 1575 16
1204 1536 1247 1575 οὗ
1274 1539 1319 1585 δὴ
1345 1545 1420 1576 καὶ
1445 1540 1587 1586 μάλιστ’
1615 1540 1725 1588 ε’μαυ-

243 1603 310 1635 τὸν
334 1597 654 1645 ἀπωλοφυράμην.
706 1600 752 1633 ib.
775 1596 887 1632 πάλιν
910 1593 956 1632 αὖ
979 1602 1054 1632 καὶ
1080 1595 1144 1632 διὰ
1169 1596 1265 1632 τοῦτ’
1293 1597 1363 1644 ἐγώ
1389 1597 1611 1645 ἀπολοίμην.
1648 1600 1724 1634 fet.

243 1657 289 1693 cf.
313 1656 358 1692 ad
384 1656 530 1702 Antiph.
557 1655 601 1697 ΙΙ,
625 1657 663 1701 β,
692 1656 723 1697 6,
751 1664 871 1690 annot.
898 1656 943 1689 92
969 1661 1064 1702 (pag.
1091 1655 1161 1700 33).
1567 1696 1570 1700 .

340 1737 384 1741 —
435 1709 487 1749 εἷς
512 1715 582 1759 yde
601 1714 687 1749 τοὺς
712 1714 824 1749 θεοὺς
851 1711 979 1756 εἶχον
1002 1715 1057 1747 τὰ
1082 1711 1240 1758 ὀνείδη
1268 1709 1419 1754 οὗτοι,
1449 1712 1495 1748 οἵ
1515 1726 1562 1758 με
1586 1711 1725 1759 μᾶλλον

241 1770 317 1806 τῶν
341 1769 556 1816 ἀνθρώπων
580 1768 723 1803 ἐοίκασι
749 1768 981 1812 κατελεῆσαι.
1034 1769 1084 1803 Ut
1110 1770 1153 1803 de
1179 1770 1313 1804 Reiskii
1340 1772 1547 1815 conjectura
1569 1777 1722 1811 taceam,

244 1828 435 1874 Emperius
464 1839 497 1873 p.
525 1827 593 1860 212
618 1826 687 1873 legi
716 1825 805 1859 vult:
842 1821 894 1861 εἷς
930 1827 999 1871 yde
1028 1826 1113 1860 τοὺς
1150 1825 1264 1860 θεοὺς
1299 1823 1472 1868 ἥκοντα
1494 1822 1720 1874 ᾐδοῦντο,

244 1885 291 1920 οἵ
313 1899 360 1929 με
385 1882 483 1924 κτλ.,
517 1885 700 1929 Sauppius
728 1883 919 1924 (Turicc.):
946 1878 999 1917 εἷς
1020 1884 1089 1928 yde
1116 1882 1201 1918 τοὺς
1226 1882 1339 1918 θεοὺς
1364 1881 1526 1925 ἔχοντα
1561 1880 1719 1928 ὀνείδη

243 1937 379 1976 οὗτοί
397 1953 454 1985 με
479 1937 555 1973 κτλ.
606 1939 715 1980 Quod
742 1940 771 1972 si
799 1939 843 1972 ab
870 1939 1060 1973 Andocide
1087 1938 1259 1984 scriptum
1287 1940 1402 1984 putari
1431 1939 1547 1973 licebit
1572 1935 1625 1974 εἷς
1648 1941 1719 1985 yde

238 2000 324 2035 wic
347 1998 460 2033 θεοὺς
486 1993 614 2040 εἶχον
645 1994 698 2031 ἂν
729 1993 890 2041 ὀνείδη
917 1998 990 2030 καὶ
1025 1989 1154 2030 οὗτοί
1180 2007 1234 2040 με
1259 1992 1357 2036 κτλ.,
1385 1996 1547 2043 profecto
1574 2005 1719 2031 semen—

238 2057 293 2089 tiae
323 2055 458 2100 optime
485 2054 647 2087 satisfiet.
699 2053 753 2087 De
780 2051 831 2087 ἄν
855 2054 1028 2098 particula
1056 2053 1098 2086 cs.
1124 2054 1265 2086 Andoc.
1294 2053 1318 2093 1,
1352 2054 1413 2086 ΗῸ
1437 2052 1556 2089 καλῶς
1579 2056 1649 2099 yde
1676 2051 1721 2087 ἅν

240 2124 300 2146 σοι
326 2109 413 2154 εἶχε.
463 2110 507 2150 11,
532 2109 554 2143 4
580 2108 689 2145 εὐθὺς
712 2111 782 2156 γὰρ
818 2107 864 2143 ἂν
898 2106 982 2142 τότε
1019 2106 1268 2151 ἠναντιοῦντο.
1317 2109 1363 2142 ib.
1389 2109 1432 2142 ‘23
1458 2107 1553 2143 οὕτω
1578 2111 1647 2155 yde
1675 2108 1720 2142 ἂν

235 2166 308 2202 ὑπὸ
333 2167 516 2202 πλείστων
552 2165 767 2213 ἀνθρώπων
806 2160 845 2199 εὖ
878 2165 1070 2208 πάσχοιτε.
1132 2165 1265 2211 Krueg.
1292 2165 1352 2199 Gr.
1380 2167 1442 2201 Gr.
1468 2165 1494 2207 1,
1521 2168 1576 2207 54,
1608 2168 1657 2206 ¹¹2,
1682 2165 1716 2200 9.

235 2224 291 2259 De
318 2226 499 2258 locutione
526 2220 650 2267 ὀνείδη
677 2223 772 2265 ἔχειν
798 2223 840 2257 cf.
868 2223 961 2256 Piae.
990 2223 1032 2256 de
1060 2221 1169 2268 Legg.
1196 2221 1256 2254 Vl.
1275 2221 1353 2255 76⁶2.
1374 2221 1400 2254 C
1427 2220 1492 2256 ε’ἀν
1515 2221 1717 2268 ἀποφήνω-

235 2293 294 2315 σιν
319 2279 429 2314 αὐτόν
452 2276 493 2313 οἶ
515 2281 623 2313 πέντε
651 2283 712 2312 καὶ
736 2277 946 2325 γράψαντες
971 2278 1092 2313 θῶσιν
1122 2277 1160 2312 ἐν
1191 2276 1311 2326 ἀγορᾷ
1348 2276 1613 2313 καταλελυκότα
1650 2281 1718 2323 τήν

237 2338 421 2383 φρουρὰν,
451 2331 612 2377 ὀνείδη
639 2347 686 2368 τε
713 2333 851 2376 ἐχέτω
876 2333 951 2367 κτλ.
1002 2336 1054 2369 ld.
1082 2335 1244 2381 Epinom.
1271 2338 1349 2371 271.
1378 2336 1417 2368 bt.
1444 2332 1573 2369 οὔκουν
1595 2335 1658 2369 νῦν
1674 2347 1713 2381 γε

236 2389 320 2427 οὔτε
347 2392 465 2437 σοφὸς
492 2388 588 2425 εἶναι
613 2387 813 2432 δοξάζεται
837 2387 996 2433 ὀνείδη
1023 2403 1070 2424 τε
1097 2392 1218 2434 ἴσχει
1241 2389 1379 2435 μᾶλλον
1402 2390 1476 2425 ἀπὸ
1500 2392 1567 2436 τῆς
1590 2390 1713 2426 τοιαύ-

233 2461 299 2493 της
328 2446 547 2492 ἐπιστήμης.

332 2507 375 2538 77
423 2507 447 2549 3
475 2506 513 2538 21
544 2501 731 2548 ἐδεξάμην
756 2499 789 2536 δ’
814 2500 894 2535 ἀντὶ
929 2500 1079 2535 πάντων
1110 2501 1309 2549 χρημάτων
1345 2501 1440 2537 εἶναι
1477 2502 1516 2538 ἰν
1553 2502 1716 2548 ἀσφαλεῖ

234 2558 380 2609 φράσαι
413 2559 488 2594 κτλ.
545 2560 735 2595 Dobreeus
764 2567 800 2594 et
830 2559 970 2593 'rm-icc.
1005 2557 1188 2604 ἐδεξάμην
1219 2557 1252 2594 δ’
1278 2558 1329 2594 ἂν
1364 2559 1443 2594 ἀντὶ
1472 2558 1569 2600 κτλ.,
1613 2559 1711 2605 quod

230 2618 330 2653 nullo
370 2616 481 2650 modo
520 2629 612 2663 opus
639 2623 705 2652 est.
752 2614 957 2660 Ἐδεξάμην
980 2617 1012 2649 in
1041 2616 1164 2651 eaden]
1203 2618 1339 2651 ratione
1379 2625 1453 2658 est,
1490 2628 1560 2662 qua
1597 2617 1627 2650 si
1666 2617 1709 2650 ab

230 2673 424 2710 Andocide
462 2686 527 2719 pro
567 2674 635 2707 hoc
675 2674 846 2719 scriptun}
889 2678 988 2706 esset
1027 2670 1245 2718 ἐβουλόμην.
1295 2673 1348 2708 (Τ.
1378 2675 1401 2717 §
1429 2674 1474 2707 12
1503 2670 1523 2706 ὃ
1546 2668 1710 2709 κίνδυνος

229 2725 341 2774 ἧν--
380 2730 406 2771 1,
431 2730 477 2764 20
502 2726 584 2764 οἷόν
601 2742 641 2763 τε
658 2728 722 2764 οῦκ
747 2723 801 2773 ἦν
824 2749 839 2757 -
862 2749 878 2757 -
924 2729 968 2763 ib.
996 2731 1040 2762 58
1066 2728 1128 2765 οὓς
1153 2728 1274 2766 οὐδεὶς
1300 2727 1549 2764 ἀπώλλυεν.
1599 2730 1648 2764 ib.
1666 2730 1709 2764 59
