1938 3153
324 176 377 218 70

338 290 448 331 catis
501 294 544 331 et
588 289 696 331 meis
729 290 916 333 salutem
957 292 1153 334 afferrem
1186 298 1230 334 et
1262 293 1623 349 tranquillitatem
1654 289 1736 336 rei·

339 356 528 412 publicae
545 355 594 397 ⁶².
627 356 653 413 §
686 357 857 401 51-53

310 424 665 478 δικαιολογία
690 453 738 459 -

340 492 459 544 Quid
506 491 724 535 facerem?
772 494 999 536 Dioclides
1047 495 1253 536 mentitus
1286 501 1365 536 est.
1426 494 1525 551 Ego
1559 501 1602 536 et-
1632 509 1736 550 pro-

342 561 495 615 pinqui
543 561 623 601 mei
668 561 882 603 immerito
928 563 1120 604 accusati
1171 576 1356 603 eramus.
1428 561 1560 604 Salus
1591 563 1736 618 reipu-

342 627 471 668 blioae
504 627 725 681 agebatur.
790 627 902 680 Quae
936 644 1019 685 ego
1052 629 1194 670 omnia
1227 637 1417 684 quatuor
1440 628 1614 670 demum
1632 643 1735 670 con-

343 694 447 735 sciis
481 693 640 735 delatis
674 709 830 736 sanare
864 704 1061 752 poteram
1079 696 1127 738 ⁶³.
1159 696 1184 752 §
1217 696 1399 738 54—60.
1432 695 1680 754 συγγνώμη.

315 758 627 813 ἀπαγγελία.

316 830 361 886 a)
394 828 634 881 Quomodo
665 830 762 886 ipse
795 831 850 873 de
882 846 928 873 re
960 832 1120 874 certior
1150 829 1294 873 faetus
1327 831 1395 880 sit,
1414 837 1562 873 narrat
1582 828 1735 873 Ando-

346 896 472 937 cides
490 896 538 937 ⁶⁴.
571 897 594 950 ἓ
626 897 809 939 61-64,

318 963 361 1021 b)
397 963 625 1006 Dioclides
666 966 879 1008 mendacii
914 965 1169 1008 manifestus
1202 965 1343 1008 faetus
1378 965 1605 1008 calumniae
1638 979 1740 1021 poe-

348 1046 447 1072 nam
481 1031 615 1072 dedit.
649 1032 674 1086 Β
707 1034 889 1075 65—66.

316 1098 665 1152 δικαιολογία
693 1124 736 1131 -

345 1169 476 1214 ἔλεος.
508 1166 703 1223 αὔξησις.
737 1169 912 1209 testium
947 1170 1205 1223 provocatio
1218 1170 1263 1210 ⁶⁵.
1297 1170 1322 1225 §
1354 1170 1536 1211 67-69.

353 1260 398 1293 62
448 1259 466 1303 §
495 1259 538 1291 53
565 1256 626 1293 οὓς
647 1253 744 1294 εἰκὸς
769 1252 815 1301 ἦν
840 1257 1013 1293 ἁπάντων
1036 1258 1196 1303 μάλιστα
1218 1257 1343 1294 δοκεῖν
1381 1257 1476 1294 εἶναι
1499 1257 1642 1294 τούτων
1668 1257 1744 1293 τῶν

260 1313 408 1363 ἀνδρῶν
425 1314 487 1349 οὓς
505 1312 658 1357 ἐμήνυσε
678 1311 907 1359 Διοκλείδης,
937 1315 1099 1360 φίλους
1125 1314 1262 1351 ὄντας
1285 1316 1360 1350 τῶν
1383 1314 1633 1350 ἀπολωλότων
1647 1313 1737 1359 ἤδη.

258 1372 436 1418 Hirschig.
464 1371 641 1417 philolog.
667 1371 712 1411 V,
741 1372 808 1404 319
836 1370 964 1416 φίλους
987 1372 1015 1419 γ’
1043 1371 1150 1409 ὄντας
1180 1373 1247 1420 legi
1268 1372 1392 1418 jubet,
1429 1373 1527 1420 quod
1567 1385 1638 1420 quo
1659 1371 1743 1418 jure

258 1430 402 1468 fecerit,
430 1440 501 1461 non
528 1428 647 1472 liquet.
706 1429 837 1462 Similis
870 1431 1044 1475 participii
1072 1442 1160 1464 usus
1187 1430 1205 1475 ξ
1233 1431 1277 1463 95
1310 1427 1329 1463 ὃ
1366 1429 1601 1473 μνησικακῶν
1635 1427 1744 1464 abtas·

262 1483 373 1528 αὑτῷ.
422 1484 441 1530 ξ
469 1484 513 1517 99
541 1482 605 1517 οὐκ
635 1481 740 1525 ἄξιος
766 1482 829 1518 ῶν.
880 1485 1103 1520 Sententiam
1130 1487 1250 1521 turbat
1281 1487 1454 1532 particula
1477 1498 1517 1531 γε
1545 1485 1695 1531 adjecta.

358 1543 402 1576 63
452 1541 476 1583 §
504 1541 548 1574 59
578 1540 654 1574 τῶν
692 1538 724 1575 δ’
751 1538 870 1575 ἄλλων
902 1539 942 1576 οἰ
962 1540 1088 1577 λοιποὶ
1112 1541 1300 1590 πρότερον
1323 1540 1394 1577 ὕπὸ
1425 1540 1587 1589 Τεύκρου
1613 1539 1744 1586 ἐμηνύ-

266 1599 412 1642 θησαν·
446 1593 528 1630 οὕτε
558 1594 679 1639 δήπου
707 1594 747 1630 οἰ
766 1597 970 1632 τεθνεῶτες
996 1595 1042 1631 δι’
1068 1597 1132 1640 ἐμὲ
1163 1597 1302 1642 μᾶλλον
1326 1598 1530 1633 ἐτέθνασαν
1552 1596 1628 1632 κτλ.
1670 1598 1745 1632 Ve-

267 1655 413 1689 risimile
440 1661 507 1694 est,
533 1654 602 1700 legi
637 1661 822 1700 oportere:
850 1674 864 1680 -
892 1673 904 1679 -
931 1650 973 1687 οἰ
1004 1652 1150 1695 λοιποὶ,
1189 1654 1230 1688 οἳ
1252 1653 1441 1701 πρότερον
1474 1652 1545 1688 ὑπὸ
1582 1652 1744 1700 Τεύκρου

264 1709 524 1755 ἐμηνύθησαν,
561 1707 644 1743 οὔτε
683 1708 759 1743 κτλ.
825 1710 1014 1745 Dobreeus
1054 1719 1089 1746 et
1125 1712 1344 1745 Turieenses
1373 1710 1449 1744 τῶν
1475 1707 1506 1744 δ’
1533 1707 1671 1750 ἄλλων,
1708 1708 1748 1744 οἳ

265 1768 501 1811 scripserunt.
550 1766 716 1800 Ceterum
748 1768 781 1800 in
815 1766 855 1811 ἓξ
882 1767 1021 1801 58-59
1058 1768 1110 1801 sic
1147 1769 1239 1801 inter
1276 1767 1435 1812 singulas
1475 1767 1744 1808 enunciationes

264 1822 558 1870 distinguendum
585 1823 740 1857 videtur:
766 1843 780 1849 -
814 1844 829 1850 -
865 1821 913 1859 ὡς
944 1824 1068 1870 ἕτεροι
1101 1821 1290 1870 ἥμαρτον·
1320 1820 1538 1867 Διοκλείδης
1573 1822 1642 1867 μὲν
1675 1824 1746 1869 γὰρ

262 1900 278 1907 -
303 1899 318 1907 -
343 1875 459 1913 εἰπών
483 1877 568 1923 ὑμῖν
592 1878 617 1913 ὁὶ
640 1877 798 1923 ἤκουσα·
838 1879 893 1914 ἔτι
930 1877 970 1915 δὲ
994 1882 1229 1927 τριακοσίους
1255 1900 1271 1908 -
1292 1900 1308 1908 -
1332 1879 1372 1914 ἐν
1394 1880 1521 1915 κακοῖς
1543 1880 1624 1915 τοῖς
1647 1880 1748 1925 μεγί-

266 1947 366 1971 στοις
392 1934 572 1981 ἐγίγνετο·
598 1936 714 1970 ταῦτα
737 1936 806 1981 μὲν
831 1930 895 1971 οὖν
915 1931 960 1980 ἦν
982 1956 997 1965 -
1020 1956 1036 1964 -
1059 1936 1181 1970 κακῶν
1201 1936 1276 1971 τῶν
1296 1938 1478 1983 μεγίστων
1502 1933 1747 1979 ἀπήλλαττον·

267 1989 426 2038 φυγάδες
455 1989 495 2026 δὲ
538 2011 553 2019 ·
574 2011 589 2019 -
627 1990 767 2035 μᾶλλον
803 1993 977 2038 ἔφευγον·
1016 1993 1131 2026 ταῦτα
1168 1991 1207 2027 δὲ
1247 1991 1368 2027 πάντα
1394 1992 1542 2027 σκοπῶν
1565 1990 1640 2026 κτλ.
1692 1991 1747 2026 Cf.

267 2049 387 2082 Reisk.
416 2048 461 2082 ad
489 2048 506 2093 §
536 2046 580 2080 58
605 2048 678 2082 init.

361 2106 406 2139 64
455 2107 479 2149 §
507 2105 547 2137 61
566 2124 580 2130 -
595 2124 611 2130 -
625 2108 686 2138 καὶ
709 2103 881 2151 ἐξήλεγξα
896 2106 941 2138 τὰ
959 2102 1150 2151 γενόμενα,
1171 2104 1230 2140 ὅτι
1250 2101 1470 2150 εἰσηγήσατο
1483 2103 1552 2148 μὲν
1565 2102 1749 2138 πινόντων

265 2160 374 2206 ἡμῶν
396 2160 533 2204 ταύτην
556 2161 623 2203 τήν
649 2158 786 2204 βουλήν
808 2162 982 2206 γενέσθαι
1007 2159 1230 2205 Εὐφίλητος.
1282 2161 1327 2194 V.
1359 2161 1533 2206 γενέσθαι
1558 2161 1658 2194 uncis
1695 2161 1748 2194 in-

268 2218 373 2252 clusit
389 2229 467 2251 cum
483 2217 646 2251 Bekkero
666 2216 827 2256 Sebiller,
854 2218 1035 2263 ejecerunt
1064 2217 1205 2252 'Furit-c.
1256 2217 1379 2252 Possit
1405 2217 1557 2251 forsitan
1575 2217 1749 2262 γενέσθαι

267 2275 420 2308 retinet-i.
459 2272 568 2314 Quod
591 2274 620 2306 si
649 2274 829 2311 retinetur,
857 2275 1017 2308 similiter
1043 2287 1086 2309 ex
1113 2270 1333 2319 εἰσηγήσατο
1362 2283 1481 2320 aptum
1509 2285 1593 2308 esse
1620 2280 1748 2319 putan-

269 2331 353 2365 dum
393 2335 449 2364 est
488 2338 595 2375 atque
632 2328 656 2370 S
696 2328 740 2362 49
766 2326 909 2362 ἀδικεῖν
946 2342 987 2363 ex
1027 2328 1279 2374 καταγνόντες.
1327 2330 1378 2365 Cf.
1412 2330 1532 2364 Klotz.
1556 2329 1601 2364 N.
1624 2329 1749 2364 Jahrb.

269 2388 371 2421 1835.
398 2386 499 2427 xm,
527 2389 556 2420 ⁴.
584 2398 607 2432 p
645 2385 714 2418 384
742 2396 796 2431 sq.

363 2444 408 2478 65
458 2444 477 2488 ξ
504 2442 549 2476 69
574 2445 634 2476 καὶ
659 2440 759 2475 ταῦτ’
797 2437 835 2476 εἰ
868 2439 993 2485 ἀληθῆ
1028 2439 1140 2487 λέγω,
1179 2434 1208 2474 ὦ
1233 2438 1384 2489 ἄνδρες,
1411 2442 1747 2489 ἀναμιμνήσκεσθε,

268 2503 330 2535 καὶ
355 2496 405 2534 οἱ
427 2496 610 2535 ἰδόντες
636 2495 831 2534 διδάσκετε
857 2500 944 2533 τοὶς
974 2494 1114 2533 ἅλλους.
1165 2497 1348 2535 Reiskium
1374 2501 1488 2536 secuti
1514 2513 1581 2548 pro
1608 2496 1751 2537 ἰδόντες

270 2554 456 2592 εἰδότες
483 2557 588 2591 scribi
627 2557 751 2591 volunt
788 2564 824 2591 et
863 2556 1004 2589 Turicc.
1037 2561 1073 2589 et
1109 2555 1287 2604 Hirschig.
1313 2558 1439 2593 Philol.
1465 2558 1513 2599 V,
1539 2558 1618 2593 319.
1645 2556 1750 2593 Male.

275 2610 325 2648 Οἱ
347 2609 489 2649 ἰδόντες
514 2614 606 2648 enim
633 2620 719 2647 sunt
750 2614 790 2654 ἱί,
823 2613 882 2660 qui
916 2613 1054 2659 experti
1081 2620 1257 2649 noverunt
1282 2625 1343 2655 ea,
1369 2626 1447 2661 quae
1471 2613 1568 2649 faeta
1593 2619 1689 2655 sunt,
1713 2610 1756 2649 οἱ

273 2667 416 2706 εἰδότες
443 2679 579 2712 autem,
606 2672 664 2716 qui
679 2678 872 2712 noverunt,
898 2682 969 2705 non
985 2670 1053 2716 ipsi
1069 2670 1242 2712 viderunt,
1269 2682 1322 2711 ea,
1349 2682 1428 2717 qum
1442 2671 1537 2706 faeta
1551 2671 1639 2712 sint,
1657 2670 1753 2706 facta
