1938 3153
305 178 355 222 16

241 290 358 346 Quid
405 291 448 333 in
488 290 572 334 hae
604 290 849 349 disciplinae
880 290 1116 334 rhetoricae
1148 298 1278 349 parte
1303 291 1526 351 prioribus
1559 293 1718 339 debeat

241 353 558 410 Anaximenes,
606 362 725 417 quid
758 362 814 404 de
860 376 942 403 suo
966 360 1244 416 promserit,
1276 361 1454 406 difficile
1485 363 1606 407 dictu
1638 372 1726 408 est-

239 428 396 484 Neque
443 429 555 471 enim
601 429 875 486 posteriores
921 428 1029 471 hac
1042 427 1097 470 de
1130 442 1177 470 re
1209 429 1317 470 satis
1350 429 1561 474 credibile
1592 432 1718 489 quid-

240 511 371 553 quam
405 500 623 541 memoriae
657 498 971 554 prodiderunt,
1004 507 1046 540 et
1078 513 1147 545 ea,
1180 512 1281 552 quae
1303 499 1474 554 priores
1501 499 1587 555 ipsi
1609 515 1720 557 praee

241 575 473 624 ceperunt,
519 581 651 623 quum
683 566 1017 614 interciderint,
1061 575 1118 608 ex
1148 566 1201 607 iis
1234 566 1486 623 colligenda
1517 573 1560 609 et
1592 569 1719 624 quasi

241 637 499 691 auguranda
531 634 654 682 sunt,
686 650 786 691 quae
819 635 1026 691 dispersa
1057 644 1099 678 et
1123 636 1221 677 loco
1244 651 1327 678 suo
1350 643 1469 678 mota
1490 635 1577 678 alia
1597 636 1719 692 apud

240 704 353 745 alios
386 704 627 760 scriptores
660 704 948 760 reperiuntur.
1012 704 1076 747 De
1108 718 1252 745 rerum
1285 703 1579 760 dispositione
1618 710 1720 746 ante

240 763 554 813 Anaximenem
601 773 874 827 disputatum
920 787 1020 814 esse
1066 773 1240 814 videtur
1279 787 1303 813 a
1336 773 1502 814 Corace
1535 773 1720 814 maxime

243 846 285 882 et
318 854 342 882 a
372 838 619 883 Theodoro
668 840 900 898 Byzantio·
928 840 1090 897 iisque,
1136 840 1211 898 qui
1243 855 1340 883 cum
1372 840 1448 883 illo
1481 839 1719 890 faciebant,

244 916 288 949 et
319 909 374 949 ab
407 909 615 950 Isocrate.
678 908 765 960 Qui
812 910 867 950 de
914 910 1113 964 partibus
1162 910 1373 951 orationis
1406 923 1430 950 a
1463 909 1629 951 Corace
1659 910 1723 950 in-

244 975 390 1018 ductis
438 976 604 1033 aliquid
650 975 948 1025 tradiderunt,
996 976 1108 1020 adeo
1156 976 1412 1034 perturbate
1445 982 1487 1018 et
1519 982 1723 1019 contorte

244 1046 494 1100 disputant,
527 1054 593 1093 ut,
625 1045 734 1099 quid
764 1046 849 1099 ipsi
881 1047 1031 1100 potius
1064 1046 1119 1086 de
1149 1046 1268 1086 illius
1298 1045 1441 1086 rerum
1465 1045 1721 1101 dispositio·

242 1126 296 1154 ne
342 1113 574 1161 sentirent,
621 1126 751 1168 quam
797 1111 904 1168 quid
950 1112 1095 1155 Corax
1132 1113 1418 1169 praeciperet,
1456 1112 1500 1154 in
1532 1112 1723 1155 medium

241 1181 486 1236 protulisse
519 1181 759 1222 videantur.
822 1181 1138 1237 Anonymus
1185 1180 1432 1236 Προλεγόμ.
1478 1183 1563 1223 τῶν
1593 1181 1717 1224 στάσ.

242 1248 348 1298 VII,
380 1248 405 1290 6
437 1248 581 1290 Walz.
628 1245 785 1305 qua}
819 1239 896 1289 οὖν
941 1247 1118 1295 συνετὸς
1162 1244 1271 1306 ἀνήρ
1316 1262 1381 1301 τις
1417 1246 1490 1290 καὶ
1519 1248 1719 1306 χρῆσθαι

242 1317 498 1374 πράγμασιν
545 1315 712 1368 ἱκανὸς,
745 1315 953 1368 συνιδὼν,
999 1311 1067 1357 ὅτι
1104 1313 1186 1368 οὐχ
1220 1307 1375 1370 ὅμοιον
1403 1316 1598 1373 τυράννῳ
1624 1318 1721 1361 ,δια-

242 1387 477 1426 κονεῖσθαι
508 1382 582 1425 καὶ
611 1383 754 1441 δήμου
785 1382 960 1439 γνώμην
989 1383 1315 1439 χειρώσασθαι,
1346 1381 1560 1427 ἀπελθών
1598 1387 1721 1426 συνέ-

242 1455 361 1509 θηκε
396 1454 554 1509 τέχνην
584 1449 689 1508 περὶ
719 1452 1026 1508 προοιμίων
1056 1449 1129 1492 καὶ
1159 1450 1461 1509 διηγήσεων
1495 1450 1569 1493 καὶ
1594 1447 1722 1504 aye-3-

242 1535 345 1563 νων
377 1518 451 1562 καὶ
481 1519 761 1572 ἐπιλόγων.
809 1518 1039 1561 Troilus
1086 1518 1333 1576 Προλεγόμ.
1365 1517 1511 1577 ῥητορ.
1551 1519 1634 1567 VI,
1665 1520 1720 1585 49

242 1588 385 1632 Walz.
427 1613 444 1621 -
461 1587 755 1646 -ἐμηχανᾶτο
805 1582 980 1644 (Κόραξ)
1027 1586 1081 1629 τὰ
1125 1588 1393 1645 προοίμια
1425 1613 1475 1621 --
1505 1583 1599 1631 εἶτα
1642 1588 1722 1646 τὴν

243 1656 682 1715 προκατάστασιν
703 1655 853 1713 --τὴν
880 1655 927 1697 δὲ
961 1655 1286 1697 κατάστασιν
1318 1680 1368 1687 --
1394 1655 1495 1703 τούς
1523 1655 1571 1698 δὲ
1602 1650 1731 1709 circii-¹

243 1740 335 1772 νας
364 1751 414 1758 --
458 1720 552 1766 εἶτα
596 1724 676 1781 τὴν
721 1726 1058 1780 παρέκθεσιν
1091 1724 1189 1779 (leg.
1220 1726 1510 1780 παρέκβασιν)
1541 1748 1592 1756 --
1620 1722 1722 1771 τούς

246 1791 294 1833 δὲ
325 1791 616 1844 ἐπιλόγους
645 1815 722 1832 --.
754 1792 919 1833 Anon.
951 1789 1197 1847 Προλεγόμ,
1229 1793 1306 1848 τῆς
1321 1790 1550 1848 (Ερμογέν.
1574 1789 1731 1848 ῥητορ..

246 1860 323 1909 IV,
360 1860 410 1902 12
442 1859 536 1908 W.‚
569 1873 697 1914 quem
731 1874 867 1914 supra
913 1859 1211 1907 laudavimus,
1257 1860 1575 1916 προοίμιον,
1619 1857 1725 1915 διή-

246 1939 424 1986 γησιν,
457 1924 648 1980 ἀγῶνα,
688 1929 1043 1984 παρέκβασιν,
1075 1925 1344 1979 ἐπίλογον.
1396 1927 1724 1982 Doxopater

245 1995 492 2054 Προλεγόμ.
526 1995 609 2045 VI,
646 1996 695 2039 13
718 1994 811 2046 W.‚
836 2010 965 2053 quem
988 2004 1029 2037 et
1050 1996 1196 2052 ipsum
1219 2010 1355 2051 supra
1384 1995 1724 2045 nominavimus,

247 2067 562 2123 προοίμιον,
608 2062 831 2118 ἀγῶνας,
881 2063 1151 2117 ἐπίλογον.
1213 2063 1335 2106 Idem
1381 2071 1524 2104 autem
1564 2062 1650 2108 alio
1681 2062 1725 2104 in

247 2148 403 2187 opere,
435 2133 556 2187 quod
590 2139 659 2174 est
683 2132 888 2186 Ὃμιλίαι
917 2131 981 2179 εἰς
1005 2130 1259 2185 Ἀφθόνιον
1290 2131 1348 2181 ΙΙ,
1376 2131 1454 2174 119
1476 2130 1618 2180 Walz.
1642 2130 1726 2173 Co-

249 2200 338 2241 raci
360 2200 511 2241 tribuit
539 2202 855 2256 προοίμιον,
886 2198 1167 2257 διήγησιν,
1198 2196 1422 2251 α’γῶνας,4
1453 2197 1724 2251 ἐπίλογον.

247 2268 339 2310 Sed
387 2276 628 2309 memoratu
669 2268 848 2324 dignum
882 2272 968 2315 est,
1000 2276 1162 2323 praeter
1195 2268 1502 2324 Doxopatrum
1534 2267 1576 2308 in
1607 2269 1724 2323 Προὲ

244 2336 393 2389 λεγομ.
426 2336 611 2377 alterum
644 2335 862 2392 Epitomae
892 2335 1126 2377 rhetoricae
1157 2335 1377 2391 quendam
1408 2342 1632 2377 auctorem
1653 2333 1723 2382 111,
1770 2327 1773 2329 “

246 2404 331 2447 610
363 2404 435 2446 W.
469 2405 681 2447 orationis
713 2405 756 2446 in
789 2411 879 2445 tres
913 2410 1061 2459 partes
1095 2403 1353 2445 divisionem
1385 2418 1408 2444 a
1434 2402 1601 2445 Corace
1621 2416 1725 2457 pro·-

247 2471 405 2514 fectam
438 2473 631 2515 tradere:
676 2472 732 2529 τῇ
762 2470 972 2529 ῥητορικῇ
1002 2472 1175 2528 πρῶτος
1203 2470 1250 2513 ἐν
1284 2471 1466 2526 Σικελίᾳ
1498 2469 1521 2512 ὃ
1554 2466 1724 2524 Συρῤα-

245 2539 426 2588 κούσιος
471 2539 615 2598 Κόραξ
651 2539 889 2599 ἐχρήσατο,
920 2538 1137 2597 προοίμιά
1164 2553 1211 2581 τε
1240 2540 1319 2582 τοῦ
1351 2540 1494 2592 λέγειν
1523 2534 1723 2592 ἐφευρών
1782 2574 1786 2582 .

245 2608 321 2651 καὶ
366 2606 570 2662 ἀγῶνας
613 2607 687 2651 καὶ
731 2606 1037 2660 ἐπιλόγους.
1098 2609 1303 2657 Accedit,
1336 2605 1461 2662 quod
1493 2619 1546 2646 ex
1577 2618 1725 2646 narra-

247 2678 367 2721 tione
396 2677 493 2729 illa,
525 2691 656 2735 quam
686 2677 970 2735 Anonymum
999 2675 1076 2727 IV,
1111 2676 1182 2728 12,
1212 2674 1355 2720 8—16
1385 2672 1459 2717 W.
1500 2679 1545 2717 et
1574 2671 1725 2735 Doxo·
