1938 3153
0 1305 14 1328 *ιι

0 1331 28 1359 ι)

4 1373 12 1391 z

1569 180 1615 222 ll

203 294 292 337 illm
340 300 389 336 ut·
434 294 635 336 omnibus
683 294 828 337 causis
877 295 1137 336 necessariae
1183 301 1303 343 sunt,
1348 295 1407 336 ita
1453 295 1508 337 ad
1550 309 1679 338 accu-

205 362 400 404 sationes
449 371 491 405 et
538 361 819 406 defensiones
866 361 1169 405 utilissin1ae32.
1231 362 1460 405 Accedunt
1492 364 1582 407 haec
1614 364 1678 407 di·

203 430 332 472 cendi
377 431 629 488 adjumenta
674 432 875 472 omnibus
917 444 1147 471 causarum
1181 429 1379 484 partibus
1412 432 1676 480 communia,

202 500 538 555 anteoccupatio
571 514 605 540 s.
637 499 877 554 praeceptio
889 498 925 524 ³3
957 497 1345 554 (προκατάληψις),
1392 498 1626 553 petitiones
1639 500 1676 525 ³⁴

205 564 472 624 (αἰτήματα),
519 567 664 608 brevis
711 565 1063 622 recapitulatio-“⁵⁵
1095 565 1408 620 (παλιλλογία),
1441 566 1544 612 alia,
1577 580 1676 620 quae

200 642 344 677 tamen
390 650 477 677 non
517 635 660 691 capita
692 642 735 676 et:
766 634 898 675 sedes
930 641 1283 689 argumentorum
1316 639 1418 674 sunt
1451 633 1676 683 habenda,

200 702 281 744 sed
313 717 456 744 rerum
488 702 845 758 exponendarum
879 701 1031 742 formae
1064 701 1264 755 quaedam
1296 709 1337 742 et
1364 702 1491 757 quasi
1513 702 1675 743 instru-

199 778 355 813 menta.

315 837 424 880 Haec
446 838 589 879 omnia
611 838 666 879 ad
689 837 953 879 invent-ionis
977 836 1161 877 maxime
1185 838 1404 877 notionem
1427 852 1673 879 accommo-

202 905 305 947 data
327 921 427 947 esse
458 906 513 947 ab
544 906 812 947 Anaximene
845 904 1048 947 videntur
1060 903 1106 945 ³⁶.
1167 904 1322 959 Neque
1345 919 1449 947 vero
1473 906 1580 947 satis
1605 914 1674 948 est

198 973 411 1022 invenire,
443 972 522 1014 sed
553 973 729 1014 inventa
761 973 888 1014 etiam
920 972 1203 1027 disponere³⁷
1225 978 1423 1027 oportet,
1445 974 1557 1014 utin
1579 975 1673 1015 uni-

196 1057 249 1084 us
282 1042 493 1084 orationis
527 1042 653 1098 quasi
685 1055 848 1096 corpus
860 1040 896 1066 ³⁸
928 1040 1181 1082 coalescant
1212 1054 1281 1087 ea,
1314 1054 1413 1095 quae
1445 1039 1500 1082 ad
1525 1039 1671 1083 dicen-

198 1109 301 1151 dum
348 1109 595 1163 excogitata
641 1115 754 1151 sunt.
815 1108 863 1150 In
911 1108 994 1150 hac
1029 1123 1075 1150 re
1108 1108 1372 1163 exponenda
1403 1109 1538 1150 mult-a
1570 1124 1668 1151 cum

193 1176 411 1220 industria
442 1177 733 1220 Anaximenes
767 1184 968 1219 versatus
1001 1183 1080 1218 est.
1143 1175 1318 1232 Quippe
1342 1176 1434 1231 jam
1468 1177 1578 1218 enim
1611 1178 1667 1220 ab

194 1246 349 1287 ultimo
396 1245 609 1301 principio
642 1245 775 1301 hujus
807 1245 1116 1300 praeceptionis
1150 1245 1186 1285 ei
1218 1245 1352 1299 parti,
1384 1257 1478 1299 quae
1510 1254 1579 1287 est
1611 1245 1668 1288 de

196 1312 511 1369 dispositione,
542 1312 775 1367 plurimum
809 1311 983 1353 videtur
1014 1312 1224 1353 tributum
1257 1325 1368 1352 esse.
1421 1310 1532 1363 Quae
1554 1315 1667 1355 enim

196 1380 252 1422 de
284 1381 390 1422 artis
423 1380 628 1421 oratoriae
649 1379 767 1434 apud
788 1379 970 1421 Graecos
991 1379 1124 1421 initiis
1148 1378 1401 1428 traduntur,
1424 1394 1494 1429 ea,
1517 1396 1669 1437 quam-

196 1462 326 1505 quam
357 1447 562 1490 videntur
592 1447 824 1489 rhetoricis
856 1447 993 1503 magis
1027 1446 1188 1488 decora
1219 1445 1380 1489 fabulis
1414 1462 1514 1490 esse
1537 1463 1667 1505 quam

193 1515 461 1570 incorruptis
493 1529 636 1555 rerum
667 1516 980 1562 monumentis,
1011 1522 1153 1555 tamen
1186 1516 1247 1556 rei
1278 1514 1406 1556 factae
1445 1517 1665 1570 quandam

195 1582 384 1638 speciem
420 1596 510 1638 prae
541 1596 590 1623 se
620 1581 734 1623 ferre
766 1581 1057 1623 existimanda
1088 1589 1202 1623 sunt.
1263 1582 1572 1638 Syracusanos
1604 1583 1666 1635 fe·

193 1658 295 1691 runt
325 1655 500 1691 mortuo
535 1650 744 1697 Hierone,
777 1656 965 1706 tyranno
997 1649 1104 1691 satis
1138 1649 1324 1699 crudeli,
1356 1664 1443 1691 non
1474 1652 1663 1707 amplius

194 1732 455 1774 quemquam
488 1731 669 1774 regnare
703 1731 864 1773 passos
887 1732 998 1760 esse.
1032 1717 1240 1760 Coracem
1263 1724 1405 1759 autem
1425 1718 1664 1775 quendam,

192 1787 266 1842 qui
313 1786 416 1827 olim
462 1785 580 1840 apud
627 1785 862 1827 Hieronem
909 1786 1090 1827 multum
1124 1787 1357 1834 valuisset,
1388 1788 1558 1843 populo
1590 1804 1663 1831 res

190 1853 391 1910 publicas
439 1859 613 1895 tenente
657 1853 699 1895 in
746 1853 931 1895 animum
963 1854 1214 1904 induxisse,
1246 1861 1296 1896 ut·
1326 1854 1478 1896 eadem
1508 1856 1551 1897 in
1583 1871 1663 1913 po-

192 1928 357 1962 sterum
388 1920 506 1976 apud
540 1920 711 1976 plebem
744 1928 862 1963 esset
891 1923 1051 1977 gratia,
1084 1937 1168 1977 qua
1191 1922 1310 1978 apud
1334 1930 1564 1979 tyrannum
1587 1940 1662 1967 an-

283 2054 328 2088 3⁶2
377 2055 492 2088 Anax.
518 2066 551 2100 p.
582 2053 655 2095 191,
682 2053 854 2095 31-192,
880 2055 911 2089 2.

283 2112 328 2145 33
376 2124 407 2145 s.
434 2112 652 2157 anticipatiO.
701 2111 755 2146 Cf.
781 2114 895 2147 Anax.
920 2124 949 2147 e.
978 2112 1028 2146 18.

283 2169 328 2203 34
375 2170 490 2204 Anax.
517 2182 547 2204 c.
573 2170 628 2204 19.

281 2228 324 2260 35
374 2231 487 2260 Anax.
514 2237 544 2260 c.
567 2225 621 2261 20.
672 2225 725 2260 Cf.
758 2226 928 2273 Spengel.
966 2227 1205 2263 Commentar.
1231 2242 1265 2275 p.
1292 2230 1372 2265 184.
1420 2231 1505 2267 Haec
1530 2231 1658 2267 παλιλ-

188 2281 294 2329 λογιά
324 2283 360 2317 fit
387 2295 451 2329 per
482 2284 789 2318 ratiocinationem
815 2281 1102 2331 (διαλογισμόν),
1138 2298 1204 2333 per
1227 2288 1438 2324 electionem
1464 2292 1659 2338 (προαίρε-

186 2343 268 2382 σιν),
294 2351 358 2386 per
382 2340 699 2387 interrogationem
724 2339 995 2389 (ἔπερώτησιν),
1022 2355 1087 2389 per
1113 2347 1413 2381 enumerationem
1445 2345 1657 2394 (ἀπολογισ-

182 2395 282 2441 μόν),
313 2409 378 2444 per
402 2398 548 2432 ironiam
575 2394 810 2445 (εἰρωνείαν).
857 2398 909 2434 Cf.
935 2412 968 2447 p.
994 2401 1073 2443 222,
1100 2402 1143 2435 93
1169 2413 1224 2448 sq.

276 2454 321 2489 36
370 2454 423 2489 Cf.
449 2453 591 2496 Quintil.
616 2456 642 2489 Ι.
667 2455 708 2490 Ο.
734 2455 794 2497 ΙΙΙ,
825 2456 856 2497 3,
883 2457 914 2491 7.

276 2511 323 2545 37
370 2512 421 2547 Id.
447 2512 467 2546 l.
492 2512 511 2546 1.
539 2511 558 2557 ξ
585 2513 615 2548 2.

277 2569 321 2604 38
371 2573 485 2604 Anax.
511 2562 539 2604 c.
564 2567 623 2603 28.
649 2581 683 2615 p.
710 2568 789 2611 214,
815 2572 852 2606 4:
875 2572 945 2619 χρὴ
971 2569 1116 2607 τάττειν
1136 2572 1221 2608 τοὶς
1245 2570 1373 2620 λόγους
1399 2587 1654 2620 σωματοει-

182 2621 285 2662 ὃῶς.
336 2626 388 2661 Cf.
414 2639 448 2673 p.
473 2626 552 2669 222,
576 2625 610 2661 3.
633 2623 719 2661 ἄλλο
744 2623 838 2671 ἄλλῳ
866 2627 1059 2664 συνάπτειν
1081 2630 1189 2676 μέρει
1223 2633 1287 2665 καὶ
1322 2633 1554 2677 συνυφαίνειν
1585 2634 1653 2667 τὸν

179 2678 300 2728 λόγον.
352 2683 404 2719 Cf.
430 2683 520 2720 Plat.
545 2684 685 2720 Phaedr.
713 2683 790 2719 26⁴.
817 2684 854 2719 C.
