1938 3153
1549 156 1603 209 ’75

242 272 277 324 ¹)
307 269 612 316 Misericordia
643 270 776 328 igitur
807 270 967 329 dignus
999 285 1095 313 sum
1120 276 1288 319 vestra,
1310 285 1397 314 non
1420 271 1585 314 invidia
1607 295 1661 303 -

273 340 311 396 §.
344 340 369 382 5
401 338 501 394 ἐμοὶ
531 339 600 391 δὲ,
633 332 666 380 ὦ
696 339 850 396 ἄνδρες
869 363 922 371 --
948 340 985 381 7.
1008 366 1059 373 -

243 407 276 462 ²)
308 408 448 463 gratia
494 406 614 463 apud
660 421 763 455 vos,
795 421 882 448 non
916 406 1021 448 odio
1038 406 1086 447 ⁷⁴.
1119 405 1145 463 §
1175 406 1301 449 8—-9.
1331 405 1446 462 πρὸς
1474 405 1662 449 εὔνοιαν.

276 475 338 518 Cf.
371 476 511 518 Anax.
543 475 638 524 215,
671 475 696 517 3
729 489 828 530 sqq.

244 539 555 596 ἀπαγγελία.
586 542 610 597 ἓ
640 542 827 585 ,10-16,

300 610 413 653 Post
458 610 746 653 calamitatem
793 623 929 652 meam
962 609 1100 651 satius
1132 609 1239 652 duxi
1270 608 1427 665 procul
1458 623 1485 651 a
1514 607 1657 666 patria

135 693 140 700 ·
197 680 347 721 vivere
363 679 411 720 ⁷⁵.
471 679 572 721 Nou
619 678 692 719 diu
738 682 880 719 autem
927 675 1027 725 fuit,
1073 690 1204 731 quum
1252 677 1528 719 occasionem
1560 677 1666 719 arri-

199 747 273 802 pui
331 746 516 788 maxima
577 744 808 788 commoda
869 743 1123 799 reipublicae
1173 744 1391 787 afferendi.
1469 744 1568 798 Qua
1609 759 1657 787 re

190 813 388 856 effectum
433 814 484 855 iri
530 814 783 868 sperabam,
823 818 872 853 ut
903 819 1095 852 vestram
1126 812 1308 866 gratiam
1340 813 1503 855 inirem.
1566 812 1662 853 Hac

190 895 272 936 spe
303 880 463 923 ductus
495 881 570 922 ubi
601 881 684 922 sub
717 879 1107 935 quadrigentorum
1139 878 1366 921 dominatu
1396 879 1575 921 domum
1596 893 1664 919 re-

192 948 272 997 dii,
317 947 494 1004 indigne
544 946 950 1000 contumelioseque
996 960 1163 987 mecum
1209 961 1234 988 a
1264 946 1484 989 Pisandro
1519 954 1663 988 actum

197 1023 265 1058 est
281 1016 326 1057 ⁷⁰.
391 1014 492 1067 Quo
538 1013 678 1064 facto,
725 1027 858 1069 quum
908 1012 1103 1069 undique
1148 1015 1340 1070 pessima
1379 1014 1481 1057 mihi
1513 1021 1668 1071 parata

283 1129 326 1163 74
374 1131 398 1173 S
425 1129 446 1162 9
470 1131 532 1162 καὶ
558 1125 659 1171 ὅμως
683 1125 725 1161 τό
755 1139 795 1173 γε
820 1124 1103 1170 δυστυχέστατος
1141 1124 1235 1162 εἶναι
1272 1125 1486 1175 ἀνθρώπων
1517 1123 1665 1175 οὗδαμῇ

190 1184 367 1231 ἐκφεύγω,
393 1184 455 1220 ὅτε
481 1182 525 1227 δὴ
551 1185 811 1229 προαγομένης
833 1184 903 1228 μὲν
926 1184 992 1227 τῆς
1022 1182 1165 1219 πόλεως
1190 1183 1251 1218 ἐπὶ
1276 1183 1411 1219 ταύτας
1434 1185 1501 1219 τὰς
1526 1195 1668 1228 συμφο-

192 1243 260 1288 ρὰς
285 1238 406 1276 οὐδεὶς
431 1239 543 1285 ἐμοῦ
572 1235 738 1285 ἤρχετο
763 1240 1013 1286 γίγνεσθαι
1042 1236 1396 1286 δυσδαιμονέστερος
1424 1238 1499 1274 κτλ.
1549 1240 1665 1273 Vides

191 1299 260 1333 hoc
285 1297 368 1332 loco
394 1298 501 1332 etiam
527 1297 776 1332 Andocideam
802 1297 896 1331 illam
924 1298 1100 1332 sermonis
1127 1295 1172 1330 ad
1198 1297 1443 1343 quotidianum
1475 1304 1511 1332 et
1541 1297 1667 1343 vulga-

190 1366 264 1390 rem
296 1366 401 1390 usum
437 1353 770 1388 conformationem.
828 1352 946 1394 Quare
981 1365 1055 1387 non
1080 1359 1176 1387 recte
1201 1353 1286 1387 fecit
1311 1353 1501 1400 Emperius
1527 1367 1559 1401 p,
1588 1354 1668 1393 211,

190 1411 289 1461 quod
307 1423 372 1459 pro
397 1407 532 1459 ἤρχετο
559 1410 747 1457 legendum
767 1410 882 1445 suasit
906 1405 1070 1455 ηὔχετο
1098 1409 1119 1444 l.
1145 1422 1211 1456 pro
1237 1406 1371 1457 ἤρχετο
1388 1411 1580 1458 γίγνεσθαι
1595 1411 1666 1458 legi

185 1470 299 1515 jussit
323 1466 463 1514 ὑπῆρχε
487 1466 560 1501 τότ’
587 1464 750 1502 ἰδέσθαι.
800 1467 909 1513 ”Mag
934 1479 1013 1501 man
1044 1467 1109 1501 das
1135 1465 1270 1513 ἤρχετο
1298 1480 1367 1502 von
1394 1467 1552 1515 ἔρχομαι
1578 1470 1668 1504 oder

194 1522 357 1571 ἄρχομαι
382 1524 570 1564 herleiten,
588 1523 785 1569 jedenfalls
804 1524 851 1557 ist
869 1523 934 1558 der
950 1523 1124 1557 Gedanke
1149 1524 1357 1571 ungehfirig.
1408 1524 1511 1559 Denn
1528 1526 1670 1560 Andoc-

191 1581 264 1627 fing
288 1581 384 1615 nicht
411 1592 475 1621 an,
513 1592 587 1614 war
611 1580 708 1614 nicht
734 1580 798 1614 auf
818 1579 899 1614 dem
929 1579 1047 1626 Wege
1073 1580 1296 1626 ungliicklich
1322 1592 1365 1614 zu
1390 1581 1553 1622 werden,
1579 1593 1667 1617 son-

193 1637 280 1671 dern
306 1648 344 1671 er
368 1636 501 1670 befand
527 1637 602 1669 sicli
627 1637 784 1669 wirklich
809 1638 842 1670 in
869 1638 967 1670 einer
991 1637 1121 1670 hochst
1138 1636 1406 1682 jammerlichen
1433 1637 1563 1684 Lage.”
1600 1639 1621 1672 l.
1647 1640 1669 1675 l.

192 1693 320 1741 Neque
345 1704 429 1728 vero
458 1693 609 1739 coepit
634 1704 737 1727 esse
763 1693 940 1735 infelix,
966 1704 1046 1728 nam
1072 1694 1151 1740 ipse
1171 1693 1263 1728 -dicit
1290 1693 1500 1729 Andocides
1525 1694 1570 1729 ad
1589 1706 1666 1730 eam

191 1752 367 1785 miseriam
394 1761 435 1784 se
462 1751 623 1791 venisse,
647 1756 684 1784 ut
710 1762 815 1785 nemo
841 1751 943 1797 ipso
972 1750 1207 1785 infelicior
1231 1762 1314 1785 esse
1341 1753 1510 1797 coeperit.

288 1807 334 1840 75
382 1807 407 1849 δ
435 1807 478 1841 10
503 1827 518 1833 -
545 1827 560 1833 -
587 1802 739 1850 εἰσῆλθέ
762 1819 852 1851 μοι,
880 1804 1005 1853 ὥσπερ
1040 1802 1156 1846 εἰκὸς,
1185 1805 1366 1850 ἐπιθυμία
1405 1807 1472 1851 τῆς
1507 1821 1547 1842 τε
1580 1808 1667 1853 μεθ’

194 1861 298 1907 ὑμῶν
320 1860 512 1897 πολιτείας
536 1862 675 1906 ἐκείνης
711 1867 787 1897 καὶ
823 1860 1031 1906 διαίτης,
1060 1861 1108 1903 ἐξ
1131 1858 1181 1906 ἧς
1210 1860 1338 1909 δευρὶ
1361 1866 1591 1910 μετέστην
1612 1886 1629 1896 -
1652 1887 1670 1895 -

196 1919 292 1953 Male
319 1918 439 1953 Reisk.
466 1928 546 1953 ante
573 1916 719 1963 διαίτης
744 1919 1041 1966 interponendum
1070 1924 1172 1964 putat
1197 1917 1351 1964 κόρος.
1376 1939 1393 1947 -
1415 1939 1431 1947 -
1456 1920 1533 1955 ’'me
1559 1923 1669 1957 subiit

238 1996 253 2002 -
281 1996 296 2002 -
322 1975 497 2009 taedium
537 1976 828 2009 common-ationis
868 1983 975 2022 atque
1012 1976 1090 2009 vitae
1116 1976 1258 2020 generis
1285 1975 1381 2021 ejus,
1419 1987 1438 2010 e
1464 1989 1549 2023 quo
1587 1979 1669 2013 huc

194 2031 395 2067 transii.”
444 2032 571 2067 Potius
598 2033 666 2067 hoc
691 2033 801 2067 modo
827 2031 1151 2078 interpretandum:
1177 2038 1218 2066 et
1243 2032 1309 2074 (int
1344 2044 1399 2066 me
1425 2034 1553 2068 invasit
1571 2034 1670 2069 desi-

197 2090 346 2131 derium)
372 2089 450 2135 ejus
476 2090 582 2124 vitam
608 2089 816 2125 instituendi
841 2090 1008 2130 rationis,
1041 2101 1061 2123 a
1093 2101 1177 2136 qua
1210 2089 1350 2124 adhuc
1379 2093 1563 2127 recessi.
1612 2093 1668 2127 Cf.

195 2148 363 2182 Aeschin.
389 2140 550 2193 Ctesiph.
574 2146 598 2189 Β
631 2146 703 2181 122.
734 2147 805 2181 129.

289 2203 335 2238 76
382 2205 407 2247 5
435 2203 478 2236 15
502 2201 614 2249 κάγώ,
639 2202 807 2250 θόρυβος
832 2204 902 2249 γὰρ
929 2200 974 2246 δή
995 2200 1164 2237 τοιοῦτος
1183 2200 1341 2248 ἐγίγνετο
1359 2201 1436 2237 τῶν
1450 2202 1669 2249 βουλευτῶν,

196 2262 274 2294 καὶ
299 2256 428 2302 ἐπειδὴ
456 2257 673 2304 ἐγίγνωσκον
689 2258 956 2303 ἀπολούμενος,
982 2256 1090 2293 εὐθὺς
1105 2256 1313 2305 προςπηδῶ
1328 2261 1424 2305 πρὸς
1441 2262 1509 2303 τήν
1534 2261 1670 2296 ἑστίαν.

197 2315 310 2355 Καί,
348 2314 447 2361 quod
484 2322 567 2349 ante
603 2311 732 2358 ἐπειδή
761 2317 919 2362 positum
958 2320 1032 2357 est,
1073 2314 1283 2349 deleverunt
1320 2315 1438 2350 Reisk.
1465 2324 1499 2351 et
1526 2318 1670 2353 Turicc.

196 2370 365 2418 Emperio
392 2383 428 2417 p.
454 2370 524 2405 212
549 2369 810 2408 ἀνακολούθως
834 2378 1007 2419 usurpata
1044 2383 1128 2406 esse
1165 2383 1235 2406 vox
1271 2373 1335 2405 καί
1362 2373 1509 2408 videtur.
1568 2374 1668 2410 Neu-

198 2437 290 2464 trum
315 2436 423 2464 recte.
470 2429 547 2461 Καὶ
570 2428 604 2462 in
628 2427 727 2474 κάγώ
753 2440 811 2469 ea,
838 2440 916 2477 quae
942 2433 1141 2475 sequuntur
1166 2440 1243 2463 cum
1269 2429 1329 2469 iis,
1355 2441 1433 2476 quae
1450 2432 1670 2477 praecedunt,

200 2485 404 2534 conjungit,
428 2484 464 2520 id
491 2489 624 2526 autem,
663 2485 761 2532 quod
796 2492 877 2521 ante
903 2482 1033 2530 ἐπειδή
1062 2485 1276 2520 collocatum
1312 2486 1528 2529 invenimus,
1565 2489 1670 2537 hujus

198 2545 313 2591 ipsius
350 2543 450 2579 vocis
489 2538 617 2585 ἐπειδή
647 2542 903 2589 significantius
945 2543 1135 2579 efferendae
1174 2554 1284 2579 causa
1325 2550 1530 2591 usurpatur.
1593 2548 1672 2581 Καὶ

199 2597 330 2644 ἐπειδή
357 2606 429 2635 est:
466 2611 515 2635 eo
553 2600 653 2646 ipso
685 2605 888 2647 tempore
925 2606 1159 2648 postquam
1232 2600 1403 2637 Similiter
1426 2602 1517 2638 hanc
1543 2615 1668 2640 vocem

198 2663 405 2703 usurpatam
431 2655 564 2705 pluries
597 2663 669 2691 tum
706 2658 740 2691 in
779 2657 934 2704 apodosi
972 2662 1047 2692 tum
1071 2658 1105 2692 in
1129 2658 1268 2703 protasi
1296 2658 1473 2700 videmus,
1497 2666 1535 2695 ut
1560 2661 1593 2695 h.
1620 2673 1672 2697 or.
