1938 3153
1551 158 1604 200 77

237 275 273 326 8)
304 274 502 327 Quorum
548 273 856 316 beneficiorum
897 274 1069 331 justum
1116 279 1184 315 est
1215 287 1310 316 eam
1341 287 1423 315 vos
1456 272 1559 315 mihi
1590 288 1659 316 re-

268 342 383 385 ferre
432 342 635 398 gratiam.
686 350 735 384 ut
773 343 1019 392 decretum,
1051 342 1173 397 quod
1205 342 1307 383 olim
1339 342 1549 399 Menippo
1581 357 1658 385 au-

268 415 390 451 ctore
434 409 615 456 fecistis.
648 410 703 451 de
750 424 905 465 poenae
935 410 1205 452 immunitate
1236 408 1339 451 mihi
1371 409 1474 452 data
1506 410 1561 452 de
1592 412 1656 453 in-

266 484 390 534 tegro
421 483 561 519 ratum
594 492 694 519 esse
719 477 925 532 jubeatis.
959 476 984 533 §
1016 476 1186 519 22--24
1216 477 1306 518 init.
1336 477 1520 519 δίκαιον.

237 544 503 597 ἐπίλογος.
535 545 560 601 5
592 546 773 588 24-28,

178 611 210 653 Ι.
271 612 530 654 Condonate
560 613 691 668 igit-ur
722 613 825 654 mihi
856 613 943 654 hoc
965 612 1200 653 decretum.
1232 612 1385 668 Longe
1407 612 1519 654 alius
1538 612 1651 654 enim

266 694 381 722 nunc
426 694 543 728 sum,
588 690 720 735 atque
766 687 893 723 antea
937 679 1018 729 fui,
1050 686 1093 723 et
1124 695 1180 722 ex
1209 680 1423 737 majorum
1455 694 1651 723 meorum

262 748 497 789 virtutibus
529 748 734 789 concludi
768 756 935 803 potest,
967 762 1034 789 me
1067 750 1323 803 popularem
1358 764 1458 791 esse
1490 750 1650 791 virum.

266 816 292 873 §
322 815 504 859 24—26.
535 814 649 872 πρὸς
677 815 819 872 χάριν.

178 883 229 925 II.
260 883 373 940 πρὸς
404 883 569 938 φιλίαν.
602 883 627 938 5
663 882 845 924 26-27.

177 963 248 1005 111.
265 963 534 1020 προαίρεσις.
566 961 591 1018 5
623 962 691 1004 28.

179 1040 253 1083 De
293 1055 364 1083 or.
403 1041 501 1089 ΙΙΙ,
533 1053 646 1095 quae
683 1046 767 1081 est
798 1039 860 1081 de
892 1054 1023 1096 pace
1055 1054 1167 1082 cum
1199 1039 1648 1085 Lacedaemoniis.

292 1108 360 1152 Ol.
392 1108 539 1152 XCVI
568 1108 595 1151 4
627 1115 681 1161 (a.
713 1107 796 1151 393
822 1124 858 1152 a.
877 1107 976 1151 Chr.
995 1109 1050 1163 n.)
1067 1107 1218 1150 decem
1236 1107 1366 1165 legati
1382 1109 1437 1151 ab
1462 1109 1646 1153 Atheni-

175 1177 356 1219 ensibus
402 1176 719 1219 Lacedaemona
765 1177 886 1217 missi
918 1185 1021 1217 sunt
1051 1190 1148 1217 cum
1179 1176 1414 1231 Spartiatis
1447 1177 1503 1219 de
1532 1192 1645 1233 pace

173 1245 476 1301 componenda
508 1244 806 1286 deliberatum.
868 1243 967 1296 Quo
998 1244 1040 1285 in
1073 1258 1253 1285 numero
1276 1243 1532 1287 Andocides
1548 1244 1643 1289 fuit.

173 1312 268 1353 Hac
310 1313 507 1354 oratione
558 1312 786 1353 sententiae
830 1320 1046 1366 repugnat
1091 1316 1242 1352 orator
1288 1318 1332 1352 et
1364 1326 1536 1360 eorum,
1568 1314 1643 1369 qui

169 1379 333 1422 bellum
365 1380 462 1436 paci
493 1378 822 1421 anteferendum
854 1378 1190 1427 arb1trabant-ur‚
1222 1384 1265 1420 et
1296 1380 1644 1435 eorum‚quibus

169 1448 292 1501 pacis
337 1446 551 1488 faciendae
597 1460 883 1501 praepropera
912 1445 1134 1486 festinatio
1165 1446 1380 1500 placebat.
1441 1447 1644 1490 Ceterum

171 1513 223 1556 cf.
256 1514 305 1557 A.
340 1513 390 1557 G.
422 1514 601 1557 Becker.
635 1512 808 1555 Andok.
842 1527 883 1569 p.
915 1512 970 1554 37
1002 1525 1066 1568 sq.
1100 1511 1144 1553 C.
1179 1510 1229 1553 G.
1253 1511 1455 1570 Krueger
1474 1514 1643 1558 Histor.

169 1581 329 1623 Philol.
361 1581 487 1623 Stud.
519 1583 570 1628 ΙΙ,
603 1582 698 1624 241.

224 1651 531 1708 προοίμιον.
564 1648 589 1706 5
627 1647 746 1691 1-2,

253 1719 349 1762 Pax
393 1719 512 1761 bello
558 1718 711 1759 melior
757 1717 959 1758 omnibus
1001 1716 1184 1758 videtur.
1246 1716 1460 1760 Oratores
1491 1726 1636 1762 autem

250 1800 404 1843 pacem
449 1785 622 1827 nomine
668 1783 994 1830 commendant,
1041 1798 1089 1825 re
1133 1784 1400 1840 impugnant.
1476 1785 1640 1830 Dicunt

251 1856 383 1903 enim,
414 1869 522 1909 pace
552 1852 668 1895 facta
699 1852 1011 1907 rempublicam
1045 1852 1244 1895 dissolvi.
1276 1852 1301 1908 5
1338 1854 1372 1896 1.
1401 1852 1638 1911 πρόθεσις.

220 1921 578 1977 βεβαίωσις.
612 1919 638 1975 5
670 1918 823 1961 2-39,
857 1918 920 1960 Cf.
953 1920 1091 1960 Anax.
1124 1934 1163 1974 p.
1197 1920 1293 1969 223,
1326 1921 1382 1962 30
1416 1936 1482 1977 sq.

162 1991 192 2033 Ι.
251 1991 297 2048 α)
347 1990 395 2033 Si
454 2002 687 2044 numquam
743 1994 842 2029 ante
894 1987 980 2030 hoc
1026 1994 1199 2044 tempus
1255 1988 1449 2045 populus
1496 1990 1634 2034 Athe-

247 2058 461 2100 niensium
507 2071 603 2098 cum
637 2055 981 2096 Lacedaemoniis
1014 2070 1164 2110 pacem
1197 2055 1393 2104 fecisset,
1424 2059 1635 2112 probabi-

246 2127 346 2169 liter
377 2125 464 2169 hoc
495 2124 701 2167 dicerent.
763 2123 897 2180 Atqui
930 2139 985 2165 ex
1015 2124 1086 2174 iis,
1119 2138 1216 2180 quae
1248 2132 1347 2167 ante
1378 2123 1493 2167 facta
1515 2133 1633 2177 sunt,

246 2194 302 2236 de
332 2194 407 2242 iis,
438 2207 538 2248 quae
568 2193 752 2240 instant,
785 2192 1039 2247 conjectura
1069 2192 1282 2248 capienda
1314 2192 1491 2249 est.§2.
1516 2193 1636 2244 εἰκός

243 2261 396 2316 (ἔθος).
428 2259 492 2302 Cf.
523 2260 720 2302 Anaxim.
754 2259 848 2306 220,
880 2259 932 2301 31
968 2273 1064 2315 sqq.

184 2329 230 2385 β)
264 2330 299 2371 1.
331 2328 376 2385 a)
409 2327 474 2369 De
505 2327 624 2369 bello
657 2326 869 2368 Euboico.
902 2325 929 2382 §
960 2327 1084 2371 3-4,

211 2396 253 2453 b)
284 2395 402 2449 Quid
428 2410 483 2438 ex
501 2409 609 2451 pace
624 2394 741 2436 facta
757 2395 1010 2452 reipublicae
1027 2397 1284 2440 redundarit
1302 2397 1532 2440 commodi.
1549 2398 1573 2454 ξ
1590 2398 1631 2442 5.

210 2464 249 2508 2.
280 2464 326 2522 a)
358 2463 425 2505 De
455 2462 574 2505 bello
607 2462 864 2518 AEginetico.
898 2464 923 2520 5
955 2464 993 2506 6.

149 2596 421 2634 ἐτέθνασαν.
468 2598 613 2644 Antiph.
639 2598 689 2639 11,
712 2601 751 2644 β,
781 2598 819 2639 3;
856 2598 890 2633 9.
915 2612 950 2645 y,
976 2598 1015 2641 2;
1052 2600 1091 2642 3;
1127 2601 1157 2635 5.
1207 2600 1276 2643 ΙΙΙ,
1299 2603 1337 2646 β,
1362 2604 1397 2637 4.
1444 2602 1510 2644 IV,
1529 2605 1571 2647 β,
1595 2604 1629 2636 2.

147 2654 195 2696 V,
219 2654 284 2697 243
310 2654 373 2698 383
399 2656 454 2692 86.
504 2656 568 2699 Vl,
593 2654 647 2690 48.
698 2654 833 2702 Krueg·
862 2655 922 2691 Gr.
949 2656 1011 2692 Gr.
1043 2657 1070 2699 l,
1098 2657 1154 2699 53,
1181 2657 1236 2698 10,
1264 2660 1294 2693 5.
