1938 3153
1563 157 1614 198 71

296 273 360 315 De
398 271 742 319 narrationibus,
774 285 874 328 quae
906 285 1040 327 supra
1072 276 1196 318 sunt,
1227 269 1279 311 cf.
1312 269 1368 312 ad
1404 269 1579 326 Antiph.
1613 284 1676 311 or.

291 339 345 381 V.
378 348 422 382 et
452 340 648 382 Anaxim.
681 339 777 390 220,
816 341 864 382 10
896 353 992 395 sqq.
1025 338 1120 387 231,
1151 338 1179 379 9
1210 353 1276 393 sq.

204 407 277 449 ΙΙΙ.
297 407 362 449 De
393 407 563 464 legibus
595 414 637 450 et
660 408 935 465 juramentis.
968 406 994 462 §
1026 406 1237 449 70-109.

267 476 303 516 1.
333 476 595 528 παλιλλογία
627 490 796 523 eorum,
829 489 928 530 quae
958 476 1002 515 in
1035 475 1059 529 §
1091 474 1263 515 34-69
1295 479 1409 514 sunt.
1441 472 1468 528 §
1499 475 1565 515 70.
1598 499 1641 504 —

292 544 587 585 Accusatores
635 558 689 584 ex
736 543 906 598 legibus
938 547 983 583 et
1012 541 1243 590 institutis,
1275 554 1376 596 quae
1405 554 1522 582 nunc
1552 547 1677 591 sunt,

293 624 360 651 me
391 615 672 659 accusarunt,
703 609 784 650 sed
818 623 872 649 ex
894 608 1194 663 psephismate
1203 609 1295 663 jam
1317 609 1534 663 abrogato
1551 622 1678 649 accu-

295 677 507 719 sationem
539 683 789 732 capessunt.
821 674 847 731 §
879 676 944 717 71.
976 674 1209 733 πρόθεσις.

269 744 307 786 2.
337 745 384 802 α)
416 744 460 801 a)
507 744 572 786 De
605 743 905 799 psephismate
936 743 1221 793 Patroclidis‚
1253 743 1373 800 quod
1406 750 1500 786 erat
1546 743 1602 785 de
1633 757 1677 785 a·

297 812 483 854 mnestia
504 836 554 843 —-
580 810 605 867 §
638 811 808 854 72-79
834 837 881 843 —

264 879 306 935 b)
338 878 393 920 de
414 878 656 927 Tisameni‚
679 879 801 933 quod
824 885 918 920 erat
938 878 995 919 de
1017 878 1161 933 legum
1182 879 1430 934 δοκιμασίᾳ.
1452 879 1478 933 §
1494 879 1677 920 80-84.

262 947 300 1004 c)
332 946 515 994 Placuit,
563 960 638 987 eas
685 946 807 1002 leges
854 945 989 995 solas,
1020 959 1119 1000 quae
1150 959 1206 987 ex
1235 944 1422 987 Euclide
1455 944 1679 987 Archonte

292 1013 583 1069 promulgatae
629 1020 797 1056 essent.
844 1028 926 1068 pro
972 1013 1078 1054 ratis
1110 1013 1282 1062 haberi,
1314 1013 1525 1068 solasque
1556 1013 1676 1069 leges

294 1082 482 1138 scriptas
514 1081 661 1124 valere
678 1080 724 1123 ⁶⁶.
758 1081 783 1138 §
815 1081 995 1125 85—87.

264 1150 309 1207 d)
341 1149 591 1191 Conclusio.
624 1149 649 1205 §
680 1150 862 1192 88—89.
893 1149 1080 1201 ἔλεγχος.

236 1218 281 1275 β)
311 1216 577 1259 duraverunt
606 1217 718 1259 inter
740 1231 788 1259 se
809 1217 948 1265 cives,
971 1230 1142 1265 eorum,
1164 1230 1263 1272 quae
1284 1222 1385 1257 ante
1405 1215 1521 1259 facta
1539 1215 1677 1259 dicta-

295 1299 381 1339 que
413 1291 583 1332 essent,
615 1286 783 1326 veniam
817 1293 860 1326 et
890 1284 1154 1326 oblivionem
1185 1284 1290 1325 fieri.
1322 1284 1346 1338 ξ
1376 1285 1559 1328 90-91.

233 1352 275 1409 γ)
309 1352 374 1394 De
418 1352 564 1408 legum
610 1358 654 1394 et
699 1359 1005 1394 accusat-orum
1035 1352 1149 1393 inter
1178 1351 1304 1407 ipsos
1336 1351 1516 1393 ratione.
1578 1351 1679 1405 Qua

289 1420 332 1461 in
361 1419 492 1475 culpa
522 1426 750 1461 versantes
781 1420 866 1475 ipsi
897 1420 1008 1461 alios
1040 1420 1309 1466 insimulent,
1344 1421 1590 1476 exponitur.

261 1488 306 1546 a)
337 1487 572 1544 Cephisius
606 1487 710 1542 quid
745 1487 980 1542 deliquerit
1001 1487 1100 1541 -ξ
1131 1486 1301 1529 92-93
1325 1511 1377 1519 -

264 1556 306 1612 b)
338 1555 444 1611 quid
476 1554 665 1596 Meletus
689 1582 737 1588 —-
763 1555 790 1610 §
822 1555 877 1597 94
899 1582 952 1589 -

263 1624 304 1680 c)
335 1621 441 1678 quid
474 1621 728 1676 Epichares.
761 1621 786 1676 §
817 1621 1027 1663 95—102.

261 1691 301 1733 3.
331 1686 585 1745 ἀνάμνησις.
632 1687 685 1730 cf.
716 1688 740 1743 ξ
770 1689 837 1730 71.
898 1688 945 1730 Si
978 1702 1092 1744 quos
1125 1703 1315 1744 unquam
1347 1690 1560 1731 rationem
1592 1689 1680 1745 pri-

294 1770 419 1799 orum
464 1755 681 1798 factorum
726 1755 913 1797 reddere
960 1756 1177 1811 oportuit,
1221 1757 1249 1797 ii
1281 1763 1565 1799 accusatores
1596 1756 1679 1798 mei

294 1830 417 1873 sunt,
448 1838 535 1865 non
569 1838 662 1878 ego.
724 1822 813 1865 Sed
846 1838 998 1866 omnes
1029 1821 1179 1867 ἄδειαν
1195 1822 1679 1882 εοεερετυηῑ.αὔξησις.

293 1891 319 1947 §
357 1891 434 1932 103
455 1891 592 1932 -105.

263 1960 302 2002 4.
335 1958 446 2011 Quae
478 1956 593 2000 facta
624 1973 722 2000 esse
755 1957 976 2007 videmus,
1008 1972 1058 1999 ca
1091 1958 1248 2000 civium
1279 1959 1392 2002 inter
1422 1974 1471 2002 se
1502 1959 1680 2001 concili-

202 2127 297 2152 esse.
345 2115 454 2151 Unde
480 2122 629 2164 apparet
652 2117 736 2153 τοὺς
762 2112 909 2153 ἰδόντας
929 2116 1051 2157 solos,
1077 2129 1149 2152 non
1171 2117 1256 2153 τοὺς
1281 2112 1441 2159 εἰδότας,
1468 2122 1679 2164 repetere

206 2184 321 2219 posse
358 2171 728 2218 (ἀναμιμνήσκεσθαι)
762 2175 891 2208 veteris
934 2173 1119 2219 cujusdam
1160 2175 1338 2208 memoriae
1379 2174 1681 2209 recordationem.

207 2228 372 2265 Ceterum
399 2226 441 2263 οἱ
461 2225 603 2265 ἰδόντες
628 2230 731 2267 iidem
764 2236 849 2267 sunt
873 2227 914 2264 οἱ
936 2226 1097 2273 εἰδότες,
1123 2243 1197 2266 non
1228 2243 1312 2266 vero
1346 2227 1388 2266 οἶ
1410 2226 1551 2268 εἰδότες
1574 2231 1680 2267 iidem

207 2282 249 2321 οἱ
272 2281 426 2322 ἰδόντες.

298 2352 343 2389 66
390 2352 415 2394 δ
440 2352 486 2388 86
511 2353 605 2388 ὅπου
631 2347 694 2389 οὖν
718 2352 875 2402 ἀγράφῳ
900 2352 1002 2400 νόμῳ
1031 2353 1094 2389 οὐκ
1131 2352 1250 2395 ἔξεστι
1285 2353 1518 2402 χρήσασθαι,
1552 2350 1578 2399 ἦ
1607 2369 1681 2391 που

205 2407 363 2457 ἀγράφῳ
384 2421 423 2455 γε
444 2411 662 2455 ψηφίσματι
692 2410 930 2447 παντάπασιν
954 2410 1004 2446 οὗ
1031 2409 1105 2446 δεῖ
1126 2424 1174 2458 γε
1197 2410 1425 2458 χρήσασθαι.
1477 2412 1678 2460 Hirschigio

202 2479 278 2503 non
316 2466 442 2513 injuria
478 2466 674 2502 absurdum
712 2468 854 2503 videtur
891 2468 1025 2515 duplex
1048 2469 1109 2514 γέ.
1165 2469 1338 2503 Fortasse
1381 2470 1605 2505 OYAEIFE
1635 2482 1679 2505 ex

209 2523 445 2561 oYKEOTI
462 2524 696 2571 depravatum
722 2526 915 2573 aliquando
942 2535 1009 2562 est.
1055 2526 1149 2561 Nihil
1176 2532 1253 2567 est,
1277 2526 1376 2572 quod
1404 2527 1531 2562 iisdem
1558 2528 1677 2562 verbis

204 2582 471 2618 recurrentibus
514 2578 656 2623 (ἔξεστι
691 2581 929 2629 χρήσασθαι,
971 2583 1047 2617 ἔστι
1086 2581 1317 2629 χρήσασθαι)
1354 2584 1562 2620 offendaris.
1624 2584 1680 2618 cf.

204 2644 378 2675 annotatt.
404 2640 457 2675 15.
484 2638 538 2674 57.
561 2638 617 2674 60.
