1938 3153
291 274 527 333 πρόθεσις.
559 276 582 334 ᾖ
614 278 667 320 34
701 277 787 320 init.

265 342 563 397 ἀπαγγελία
584 370 633 376 —-

268 411 301 453 1.
338 410 402 453 De
445 412 606 455 indicio
653 427 678 455 a
724 412 900 454 Teucro
947 410 1080 453 facto.
1144 409 1328 458 Eorum,
1376 413 1450 467 qui
1499 414 1680 457 indicati

293 482 415 528 sunt,
447 482 631 523 nomina.
692 481 893 522 Testiuin
925 480 1196 535 provocatio.
1229 479 1458 534 §34-35.

264 545 302 588 2.
335 547 380 603 a)
426 547 641 590 Pisander
679 555 723 590 et
754 546 994 595 Charicles,
1027 546 1112 588 hoc
1144 547 1237 588 sine
1268 561 1425 602 magna
1442 548 1678 591 multorum

292 615 584 656 consensione
613 614 777 655 factum
809 628 922 659 esse,
954 621 1178 669 negarunt,
1210 614 1541 670 periculumque
1558 631 1678 665 esse,

289 695 344 723 ne
357 680 461 723 inde
477 682 703 737 repentina
720 681 785 722 vis
801 682 845 722 in
863 680 1037 722 civitate
1054 680 1297 729 exsisteret,
1316 695 1416 737 quae
1431 681 1677 725 libertatem

287 749 555 804 opprimeret
599 749 773 804 populi,
806 763 942 804 quare
974 763 1027 789 ne
1059 748 1242 789 ulterius
1276 749 1357 790 hac
1391 750 1446 792 de
1477 766 1524 793 re
1556 766 1675 806 quae-

289 830 387 857 rere
419 815 702 864 desisterent,
735 821 1009 857 monuerunt.
1041 815 1064 870 §
1096 814 1162 856 36.

260 883 302 939 b)
333 883 549 924 Dioclidis
594 882 854 936 εἰσαγγελία.
914 883 1018 937 Ipse
1049 897 1145 924 eum
1179 890 1303 937 patre
1335 889 1378 924 et
1410 885 1671 940 propinquis

286 964 393 992 sane
425 950 570 992 multis
602 964 789 992 accusor
805 949 852 991 ⁶⁰.
885 949 908 1005 ξ
939 948 1123 991 37-42.

256 1018 294 1074 c)
325 1017 540 1058 Pisander
572 1032 742 1058 summo
790 1018 980 1059 omnium
1011 1024 1178 1058 terrore
1209 1017 1349 1072 legem
1381 1018 1498 1067 tulit,
1531 1027 1579 1061 ut
1609 1021 1671 1062 in-

285 1085 415 1142 genui
455 1085 572 1127 cives
605 1085 647 1127 in
680 1083 911 1141 equuleum
944 1083 1282 1139 imponerentur.
1342 1084 1594 1128 Manitheus
1628 1095 1671 1130 et

284 1154 500 1208 Anepsio,
532 1162 779 1201 senatores,
820 1166 953 1207 quum
984 1153 1027 1193 in
1058 1166 1110 1193 eo
1143 1161 1311 1201 essent,
1342 1162 1391 1195 ut
1423 1153 1669 1209 deprehen-

286 1220 507 1270 derentur,
528 1219 717 1263 vadibus
750 1219 865 1261 datis
884 1218 1197 1276 destitutisque
1214 1220 1257 1262 in
1275 1220 1474 1263 exsilium
1491 1222 1667 1266 abeunt.

279 1288 662 1343 Deprehendimur
708 1288 983 1341 vinculisque
1030 1287 1241 1328 dedimur.
1311 1289 1501 1330 Senatus
1548 1299 1667 1332 metu

279 1355 538 1412 perterritus
572 1354 714 1396 omnia
747 1352 919 1410 trepide
950 1354 1192 1409 praemunit.
1239 1353 1464 1398 Dioclides
1488 1357 1665 1412 publico

276 1424 447 1465 honore
479 1421 677 1462 afficitur.
710 1425 731 1472 S
762 1421 943 1462 43-45.
1002 1422 1231 1477 μαρτυρία.
1262 1421 1286 1476 ξ
1316 1423 1384 1463 46.

246 1491 292 1547 d)
324 1491 511 1534 Nomina
543 1489 891 1544 propinquorum
922 1502 1130 1529 meorum.
1162 1488 1187 1543 §
1219 1489 1286 1531 47.

246 1569 284 1610 3.
319 1568 363 1624 a)
410 1566 667 1609 Charmides
714 1581 852 1608 meam
897 1566 1105 1620 implorat
1150 1566 1293 1615 fidem,
1340 1575 1388 1609 ut
1433 1582 1531 1610 cum
1562 1570 1666 1626 ipso

275 1650 397 1677 meos
444 1635 741 1690 propinquos,
788 1634 862 1689 qui
908 1633 1051 1688 culpae
1081 1633 1280 1676 insontes
1313 1635 1420 1685 sint,
1452 1650 1476 1677 a
1508 1639 1662 1680 mortis

273 1702 470 1760 periculo
504 1702 682 1758 eripiam
699 1701 747 1743 ⁶¹.
779 1700 805 1756 §
836 1700 938 1743 48-
952 1701 1018 1742 50.

244 1772 286 1829 b)
318 1770 490 1813 Mecum
522 1771 618 1825 ipse
641 1770 837 1811 delibero
860 1783 885 1809 a
902 1782 1089 1824 meoque
1108 1767 1282 1809 tandem
1300 1769 1487 1825 impetro
1504 1773 1660 1823 auimo,

272 1847 341 1889 ut,
388 1837 492 1892 quid
542 1837 597 1878 de
644 1837 729 1878 hoc
760 1836 953 1878 facinore
986 1845 1258 1891 compertum
1292 1836 1510 1889 haberem,
1543 1840 1660 1883 dice-

269 1919 360 1947 rem
406 1911 684 1959 quatuorque
729 1904 899 1945 civibus
948 1902 1155 1944 facinoris
1207 1905 1495 1959 participibus
1546 1908 1658 1950 indi-

182 2051 273 2086 satis
299 2057 382 2096 apte
408 2050 477 2084 hoe
502 2050 714 2084 vocabulum
754 2049 892 2095 accepit
928 2048 1108 2094 Georgius
1147 2046 1306 2082 Groteus
1332 2048 1426 2083 Hist.
1453 2049 1567 2086 Graec.
1591 2052 1657 2095 IV,

179 2120 214 2154 p.
240 2107 321 2149 129,
344 2114 417 2141 not.
444 2107 464 2140 9
491 2106 564 2150 (ed.
592 2107 806 2149 Meissner.).

274 2174 319 2209 60
368 2174 386 2220 §
414 2174 458 2208 38
486 2172 580 2221 ὁρᾶν
604 2170 644 2208 δὲ
669 2193 685 2201 ·
708 2194 723 2202 -
751 2171 850 2221 ὁρῶν
874 2171 928 2208 δὲ.
979 2172 1113 2208 Sluiter
1143 2185 1177 2219 p.
1203 2172 1248 2207 74
1283 2168 1401 2206 ”ι’ὃεῒν
1424 2172 1480 2208 hic
1518 2195 1562 2200 ——
1600 2176 1653 2211 in-

178 2233 255 2279 quit
273 2251 313 2257 —
333 2232 562 2265 scribendum
588 2231 727 2264 videtur
752 2230 908 2265 variandi
935 2242 1062 2264 causa:
1087 2230 1258 2276 praecedit
1284 2231 1376 2264 enim
1395 2228 1488 2276 ὁρᾶν
1506 2230 1654 2280 ἀνθρώ-

174 2298 280 2327 nove,
313 2294 350 2321 et
385 2288 506 2322 statim
548 2287 719 2334 sequitur,
761 2284 861 2334 ὁρῶν
897 2284 938 2321 δὲ
969 2306 983 2314 -
1007 2287 1060 2321 -.”
1109 2289 1159 2321 At
1184 2286 1202 2332 ξ
1228 2287 1275 2322 40
1299 2282 1418 2321 εἰπεῖν
1441 2306 1457 2314 -
1480 2307 1496 2315 -
1522 2284 1652 2323 εἰπών.

176 2344 341 2380 Ceterum
368 2344 411 2378 cf.
436 2350 572 2379 aunott.
597 2343 642 2377 58
669 2349 756 2379 extr.
782 2351 816 2379 et
844 2343 898 2378 15.

270 2423 313 2456 61
363 2421 460 2455 Inter
493 2419 637 2455 ἀδικεῖν
658 2422 692 2466 (ἓ
719 2423 765 2456 49
790 2425 895 2462 extr.)
928 2430 963 2455 et
995 2417 1031 2455 εἰ
1054 2418 1211 2464 ἤκουσάς
1232 2435 1269 2455 τι
1294 2422 1327 2466 (§
1356 2422 1402 2455 50
1427 2423 1514 2462 init.)
1551 2423 1650 2457 lacu-

174 2491 255 2514 nam
273 2479 405 2514 habere
424 2477 588 2513 dicuntur
601 2477 716 2513 Codd.
733 2478 845 2519 ABL,
871 2485 907 2513 et
932 2482 964 2512 A
984 2478 1124 2524 quidem
1153 2478 1383 2512 duodecim
1410 2479 1650 2514 literarum.

174 2535 482 2584 Interponendum
507 2536 647 2570 censuit
675 2535 841 2571 Reiskius
869 2528 947 2569 οὖν
972 2541 1032 2569 aut
1054 2535 1231 2575 τοίνυν,
1267 2535 1452 2582 Sauppius
1477 2534 1650 2570 τούτων

173 2594 342 2627 τυίνυν.
392 2593 468 2627 Sed
495 2592 639 2627 dubium
665 2604 737 2626 non
763 2603 838 2634 est,
876 2594 960 2639 quin
999 2591 1186 2626 duodecim
1225 2592 1292 2627 illae
1330 2593 1438 2628 literae
1476 2593 1527 2627 hae
1560 2594 1657 2628 sinu

175 2649 281 2696 φέρε
308 2646 361 2693 δὴ
392 2650 561 2685 τοίνυν.
612 2648 665 2684 Cf.
690 2647 730 2694 ἐξ
757 2650 813 2684 21.
839 2649 894 2684 90.
922 2649 998 2683 117.
1025 2648 1103 2682 128.
