1938 3153
199 480 229 521 I.

192 2545 409 2581 διακωλύειν
429 2543 567 2588 μᾶλλον
588 2542 663 2579 κτλ

190 2607 258 2640 bus
284 2606 350 2638 τὸν
376 2598 503 2636 ειὸὀτα
530 2601 730 2637 offenditur.

263 202 319 246 28

507 316 567 362 ΙΙ,
598 332 639 359 α.

259 410 562 466 Προοίμιον
595 410 618 467 ᾖ
657 412 775 453 1—3.

290 479 579 534 Abjectorum
614 480 835 521 hominum
880 479 986 521 in-I.

286 536 412 578 sidiae
458 536 610 578 faciles
644 542 747 577 sunt
779 536 834 577 ad
868 551 940 578 co—

286 595 571 651 arguendum,
593 592 815 636 liberalius
834 593 938 635 edu-

285 660 483 693 catorum
514 667 598 692 non
621 652 736 692 item.
768 652 791 706 ξ
820 653 926 694 1-2

284 708 361 751 ἐπὶ
391 708 440 750 τὸ
472 711 723 766 προσέχειν.

104 779 169 823 β3.
195 767 245 809 II.
278 768 374 810 Nos
407 775 551 808 autem
583 768 625 808 in
658 783 704 808 re
729 782 937 823 peragen—

284 823 339 865 da
372 830 544 865 sontem
587 839 817 872 accusare,
850 841 936 867 non

281 882 531 938 opprimere
562 883 780 925 insontem
818 884 934 939 cupi-

278 954 390 1008 mjus.
422 939 445 994 ξ
492 940 517 980 2
551 950 658 982 extr.
697 944 801 983 -3.
825 941 938 997 πρὸς

277 994 518 1050 εὐμένειαν.
955 998 1003 1039 ΙΙ.

80 1053 260 1099 311.ΙΙΙ.
281 1054 423 1106 Quam
470 1056 713 1110 poterimus
762 1056 936 1097 eviden—

276 1112 444 1152 tissime
484 1114 848 1156 monstrabimus,
881 1114 935 1155 ab

275 1169 363 1209 isto
397 1168 572 1211 homine
590 1170 756 1211 caedem
780 1184 934 1225 perpe-

276 1232 433 1269 tratam
466 1242 577 1270 esse.
600 1228 623 1284 ξ
646 1229 671 1270 3
695 1235 802 1270 extr.
825 1227 935 1284 πρό-

273 1286 414 1332 θεσις.

1262 318 1322 368 ΙΙ,
1353 319 1393 375 β.

1014 411 1308 467 προοίμιον
1339 412 1365 469 §
1402 412 1474 453 1-
1483 411 1521 454 4.

1049 479 1397 523 lnfelicissimum
1449 479 1694 522 mortalium
1718 485 1827 535 7161.

1044 552 1091 578 se
1125 552 1224 578 esse
1258 538 1363 580 dicit
1394 553 1508 585 reus,
1531 536 1599 578 cui
1620 534 1693 577 ille

1045 595 1169 637 vivus
1191 594 1351 638 damno
1383 596 1558 644 fuisset,
1581 608 1694 636 mor-

1042 661 1144 694 tuus
1167 668 1284 695 curae
1307 663 1349 695 et
1371 654 1525 696 dolori.
1558 653 1692 694 Suum

1044 725 1142 752 esse
1166 710 1424 756 ostendere.
1448 710 1546 766 quis
1563 709 1693 750 inter-

1040 768 1181 809 fect-or
1203 768 1352 818 fuerit,
1376 768 1496 825 quod
1520 766 1695 809 nisifiat

1041 826 1294 881 suspicione
1305 826 1399 881 ipse
1413 825 1696 880 opprimatur.

1040 883 1062 938 ξ
1110 883 1228 925 1--2,
1268 882 1381 950 πρὸς
1418 881 1604 925 εὔνοιαν.
1656 879 1696 923 ἐ-

1037 941 1260 988 λάττωσις.
1278 942 1325 982 cf
1349 944 1476 982 Anax
1512 940 1607 988 229,
1634 940 1693 980 17.

1036 1000 1101 1040 Ac
1125 1013 1208 1039 non
1235 1005 1427 1039 astutum
1454 997 1690 1051 (difficilem

1039 1056 1094 1097 ad
1149 1055 1492 1110 coam-nendum)
1553 1054 1689 1111 magis

1040 1128 1169 1168 quam
1202 1113 1477 1168 insipientem
1504 1086 1692 1162 (facilem

1037 1170 1093 1211 ad
1126 1170 1470 1225 coarguendum)
1513 1183 1559 1209 se
1594 1167 1691 1210 dici.

1036 1226 1132 1268 Jam
1166 1227 1277 1269 enim
1319 1234 1501 1293 propter
1532 1240 1690 1282 graves

1035 1285 1281 1326 inimicitias
1330 1283 1611 1326 manifestum
1644 1299 1692 1325 se

1037 1343 1215 1384 sceleris
1249 1357 1366 1390 esse;
1400 1349 1500 1383 ante
1521 1340 1690 1383 facinus

1037 1407 1181 1441 autem
1229 1407 1446 1454 patratum
1481 1399 1691 1440 verisimi-

1037 1458 1120 1498 lius
1140 1472 1249 1500 esse.
1269 1472 1317 1498 se
1335 1457 1691 1512 circumspectio-

1035 1529 1089 1555 ne
1122 1514 1301 1555 ductum
1326 1525 1367 1555 et
1390 1515 1502 1555 alios
1525 1512 1689 1554 facino-

1718 996 1849 1040 ‹xl—25.

1717 1239 1780 1277 026,

1034 1586 1080 1612 re
1098 1571 1366 1612 abstinuisse
1385 1578 1428 1611 et
1444 1571 1588 1625 ipsum
1617 1583 1687 1610 ca·
1711 1573 1775 1617 y?-

1035 1628 1164 1676 visse,
1198 1643 1264 1710 nge⁹
1284 1627 1388 1682 quid
1424 1627 1690 1681 suspicionis

1030 1683 1549 1798 {Jesslfoessqoffab'faissfflg
1550 1694 1688 1796 ⁷315?AE-

1032 1798 1482 1903 ἱῑᾶιὲὶὸοἶΜΑηεΧίιῃ.
1517 1814 1557 1853 p.
1591 1798 1685 1844 216,

947 1913 1013 1953 [ΙΙ.
1033 1913 1330 1954 Intolerabilia
1362 1913 1493 1964 igitur
1523 1927 1571 1953 se
1610 1925 1685 1967 pa-

1029 1971 1080 2015 ti,
1113 1979 1157 2011 at
1190 1979 1331 2011 tamen
1368 1978 1409 2010 et
1441 1984 1488 2010 se
1525 1983 1685 2025 purga-

1027 2029 1061 2069 ri
1096 2037 1303 2083 oportere
1337 2039 1398 2070 et.
1432 2027 1506 2082 qui
1530 2033 1684 2068 sontes

1029 2095 1188 2129 essent.
1208 2085 1395 2126 ostendi.
1429 2084 1499 2124 Ex
1521 2084 1683 2138 quibus

1026 2143 1158 2183 rebus
1205 2142 1314 2197 ipsis
1363 2141 1499 2182 teneri
1539 2139 1684 2181 dictus

1025 2201 1094 2247 sit,
1114 2200 1234 2240 exiis
1250 2198 1541 2240 innocentiam
1561 2211 1684 2238 suam

1026 2271 1238 2311 apparere
1259 2263 1536 2296 ostenturum
1555 2268 1603 2295 se
1616 2268 1684 2294 es-

1027 2313 1133 2355 se⁹⁰.
1168 2313 1190 2368 ξ
1219 2314 1258 2355 4.
1290 2311 1524 2369 πρόθεσις.

287 2434 332 2467 89
381 2436 510 2479 πρὶν
498 2427 731 2477 ἐργάσασθαι
757 2423 947 2473 εικότερον
971 2439 1016 2469 ην
1038 2427 1116 2459 τὸν
1141 2422 1304 2459 ειὸότα
1331 2428 1397 2468 τὴν
1421 2424 1588 2471 ὑποψίαν
1611 2425 1678 2467 τὴν

190 2491 253 2525 νῦν
278 2502 330 2526 εις
356 2489 419 2533 ἐμὲ
448 2500 571 2528 ουσαν,
606 2490 667 2521 καὶ
700 2485 775 2520 τῶν
811 2481 929 2519 ἄλλων
954 2483 993 2517 εἰ
1014 2496 1096 2516 τιια
1126 2481 1237 2529 ἔγνων
1268 2480 1554 2529 ἐπιβουλεύοντα
1580 2478 1681 2523 αὐτῷ

714 2544 749 2576 (3.
780 2543 816 2576 1„
844 2543 987 2587 Kayser
1020 2541 1134 2574 Rhein
1172 2540 1380 2581 Mus.X11,
1409 2541 1478 2573 ‘237
1509 2540 1543 2571 in
1576 2538 1674 2570 voci-

782 2601 836 2634 Ac
865 2598 1030 2646 profecto
1058 2598 1180 2632 mirum
1207 2604 1282 2638 est,
1309 2598 1338 2631 si
1367 2598 1445 2643 quis
1473 2595 1681 2641 suspicione

191 2664 285 2708 tius,
313 2662 411 2708 quod
440 2660 599 2694 nonduin
627 2660 857 2692 commissum
885 2658 949 2695 sit,
976 2657 1086 2688 teneri
1114 2669 1154 2690 se
1181 2669 1263 2690 nov
1274 2658 1369 2690 isse
1397 2654 1535 2688 dicitur.
1562 2651 1681 2692 Quare

191 2725 245 2760 vel
270 2717 323 2767 ἦν
346 2734 420 2756 τοι
446 2716 609 2755 εἰδότα
638 2718 691 2752 vel
718 2711 767 2762 ἢν
790 2709 1056 2763 προειδότα
1085 2712 1275 2760 legendum
1311 2710 1468 2757 conjicit,
1495 2714 1533 2743 ut
1567 2707 1680 2750 soleta

191 2786 249 2830 iwO
237 2783 377 2816 eniose
403 2781 460 2813 ille
499 2778 659 2824 quidem,
698 2776 764 2810 sed
797 2775 854 2808 vix
886 2785 978 2808 vere.

1040 2771 1168 2817 Neque
1200 2771 1291 2806 enim
1317 2770 1350 2804 in
1388 2782 1418 2803 v.
1443 2765 1525 2803 τόν
1549 2767 1615 2803 sed
1644 2769 1677 2804 in
