1938 3153
347 211 405 254 52

375 330 557 381 captum
585 332 790 368 narratur
807 326 856 369 ²².
888 327 1107 384 μαρτυρία
1137 325 1167 383 ς
1195 326 1263 369 20.

287 394 338 435 ΙΙ.
371 393 539 437 Navem
570 400 757 451 propter
787 402 1075 451 tempestates
1108 393 1164 436 ad
1198 395 1301 437 litus
1327 395 1667 453 Methymnaeum
1690 410 1767 454 ap-

374 461 541 518 pellere
573 463 713 505 eoacti
746 469 860 504 sunt.
890 463 1108 520 μαρτυρία
1124 462 1174 504 ²³.
1207 462 1232 518 §
1265 463 1448 505 21-22,

288 530 360 572 Ill.
379 531 473 573 Viri
505 538 674 587 potant.
736 531 877 572 Porus
914 530 1115 572 Herodes
1148 531 1249 576 abit.
1273 545 1414 586 neque
1433 546 1624 587 unquam
1640 532 1766 584 redit,

375 613 519 653 nequ-e
549 600 728 654 reperiri
763 606 924 654 potest.
955 599 1184 655 μαρτυρία.
1214 603 1237 649 §
1271 599 1453 641 23—24.

403 669 655 722 Antequam
692 666 748 707 ad
782 681 895 715 eam,
928 681 1027 722 quae
1057 668 1099 707 in
1131 666 1217 708 hac
1247 667 1443 707 oratione
1476 675 1563 716 est,
1584 668 1766 722 βεβαίω-

289 746 360 777 σιν
393 735 630 784 veniamus,
664 733 719 775 de
751 734 955 776 narrandi
990 734 1161 776 ratione
1188 733 1353 789 aliquid
1388 733 1620 777 dicendum
1644 736 1765 778 vide-

286 811 370 846 tur.
432 803 540 846 Tria
587 803 884 844 narrationum
915 818 1076 859 genera
1115 816 1228 850 esse,
1260 802 1366 844 dicit
1397 804 1690 846 Anaximenes
1724 819 1764 861 p.

288 872 384 920 220,
418 872 580 921 7-22;
613 872 710 921 231,
741 871 897 920 8-11,
928 884 1232 925 unum,quum
1255 884 1439 926 ea,quae
1457 885 1633 913 narrare
1650 886 1765 928 opus

290 947 379 986 est,
411 939 630 996 ejusmodi
663 941 771 988 sint,
802 947 850 982 ut
887 938 1073 980 exordio
1094 938 1326 980 admisceri
1349 939 1544 994 possint3
1567 939 1764 989 alterum,

289 1023 437 1063 quum,
469 1008 572 1062 quia
604 1007 733 1063 plura
763 1008 850 1049 sint
883 1021 953 1056 ea,
986 1021 1079 1061 quae
1110 1006 1334 1047 narrem-lo
1363 1006 1613 1049 adumbrari
1632 1023 1765 1063 opor-

288 1082 399 1122 teat,
432 1088 562 1130 quam
596 1088 701 1129 quae·
729 1090 815 1116 uno
850 1074 976 1130 quasi
994 1081 1146 1116 tenore
1164 1073 1329 1129 exponi
1349 1074 1452 1115 utile
1470 1074 1546 1123 sit,
1564 1074 1646 1117 alia
1664 1076 1760 1117 aliis

287 1142 400 1183 locis
429 1149 681 1190 narrentur3
714 1142 907 1188 tertium,
940 1142 976 1182 si
1010 1148 1114 1197 post
1137 1141 1371 1182 exordium
1389 1142 1643 1184 immutabili
1661 1157 1766 1185 cou-

285 1210 532 1252 tinuatione
559 1210 885 1266 expositionem
920 1224 1064 1251 rerum
1094 1208 1317 1251 faciamus.
1348 1209 1401 1251 Ιὶι]ἔ
1430 1209 1517 1251 hac
1544 1210 1764 1258 oratione.

287 1292 386 1334 quae
433 1284 502 1319 est
540 1277 600 1319 de
642 1278 770 1319 caezle
819 1278 1033 1326 Herodis,
1079 1291 1342 1333 quamquam
1375 1278 1571 1319 narratio
1598 1279 1640 1320 in
1672 1287 1764 1321 tres

286 1354 438 1402 partes
486 1344 711 1393 dividitur,
757 1360 941 1401 quarum
987 1360 1068 1387 sua
1115 1359 1334 1400 quamque
1366 1352 1613 1401 sequuntur
1643 1347 1765 1389 testi-

287 1414 452 1458 monia.
485 1419 626 1454 tamen
660 1428 746 1454 non
781 1414 861 1454 nisi
894 1412 950 1454 ad
991 1413 1195 1454 ultimum
1221 1412 1335 1453 illud.
1365 1415 1660 1456 narrationum
1689 1429 1764 1472 ge-

285 1496 369 1523 nus
417 1481 471 1523 ab
518 1481 787 1522 Anaximene
827 1487 1217 1522 commemoratum
1244 1478 1394 1521 referri
1429 1488 1590 1536 potest.
1652 1483 1764 1525 Nam

286 1549 521 1605 quominus
552 1549 593 1589 in
627 1549 766 1590 altero
798 1549 876 1590 illo
906 1563 1071 1604 genere
1098 1554 1298 1603 ponatur.
1331 1548 1574 1603 impediunt
1591 1564 1653 1598 ea,
1671 1564 1772 1606 qua*

285 1618 582 1660 Anaximenes
630 1615 762 1673 hujus
809 1617 981 1672 generis
1013 1615 1195 1672 propria
1227 1630 1326 1657 esse
1360 1616 1464 1657 dicit
1510 1631 1549 1672 p.
1583 1617 1679 1668 220,
1717 1620 1766 1661 10

287 1682 393 1727 ὅταν
426 1685 478 1727 δὲ
506 1685 606 1726 λίαν
638 1677 745 1726 ὦσιν
775 1685 825 1726 αἱ
851 1683 1034 1740 πράξεις
1064 1682 1227 1725 πολλαὶ
1258 1682 1331 1725 καὶ
1351 1683 1412 1741 μὴ
1430 1682 1654 1740 γνώριμοι,
1679 1700 1764 1727 πα.-

287 1751 327 1811 ρ’
351 1754 535 1796 ἕκαστον
566 1754 655 1807 (int.
689 1752 888 1808 πρᾶγμα)
920 1750 1144 1798 συναπτάς
1175 1751 1263 1805 (int.
1281 1748 1548 1803 ἀπαγγελίας
1564 1753 1589 1793 l.
1619 1750 1769 1801 αὐτοῖς-

288 1822 340 1864 ef.
374 1822 469 1879 2⁴20,
502 1822 556 1875 7.)
588 1818 861 1877 ποιήσομεν,
908 1818 982 1862 καὶ
1019 1820 1232 1866 δικαίας
1262 1816 1349 1860 καὶ
1380 1819 1766 1877 συμφερούσας

287 1888 373 1933 καὶ
405 1888 566 1936 καλὰς
599 1885 1008 1943 ἀποφανοῦμεν,
1039 1889 1062 1929 i.
1097 1903 1131 1930 e.
1153 1887 1423 1940 δικαιολογία
1442 1890 1643 1943 quaedam
1661 1897 1766 1945 post

286 1960 426 2014 ipsam
475 1958 536 1999 rei
582 1956 710 1998 factae
751 1958 1094 2012 expositionem,
1128 1965 1361 2012 antequam
1393 1957 1666 1999 confirmat-io
1697 1958 1766 2000 in-

287 2027 443 2082 cipiat,
471 2025 595 2080 sequi
630 2024 772 2065 debet.
835 2024 1038 2066 Ceterum
1071 2023 1126 2065 de
1158 2026 1287 2066 tertio
1320 2025 1395 2066 illo
1427 2038 1585 2080 genere
1617 2026 1764 2081 praeci-

380 2139 425 2172 22
475 2138 492 2184 ξ
518 2137 565 2173 20
590 2136 628 2172 ἰν
651 2138 703 2182 τῷ
728 2136 847 2182 πλοίῳ
871 2135 994 2172 πλέων
1019 2132 1048 2181 ᾧ
1067 2133 1248 2183 Ἡρώδης.
1300 2139 1373 2171 Aut
1399 2136 1437 2171 ἐν
1466 2136 1526 2181 τῷ
1559 2135 1678 2182 αὐτῷ’
1701 2136 1769 2173 nl...

286 2193 348 2229 πλ.
371 2190 400 2238 ᾧ
417 2193 498 2240 ‘HQ-
525 2195 753 2229 scribendum
781 2196 920 2229 videtui·
947 2202 1025 2235 aut,
1052 2194 1086 2227 id
1113 2193 1212 2240 quod
1238 2196 1353 2228 suasit
1378 2194 1558 2235 Reiskius,
1585 2193 1623 2228 ἐν
1640 2208 1674 2229 τ.
1700 2193 1763 2229 πλ.

285 2250 348 2287 πλ.
377 2246 407 2285 ὦ
431 2255 508 2285 καὶ
529 2249 611 2298 Ἠρ.

380 2309 427 2343 23
477 2308 565 2353 §21
605 2304 648 2343 οὗ
687 2309 734 2342 νδ
775 2306 908 2342 πλοῖον
940 2306 1058 2355 ὥρμει
1093 2308 1203 2342 τοῦτο
1239 2303 1291 2343 εἷς
1332 2306 1354 2341 ὃ
1385 2308 1615 2355 μετεκβοὶντα
1653 2312 1768 2354 φασὶν

286 2364 497 2400 ἀποθανεῖν
517 2362 628 2399 αὐτὸν
650 2366 714 2399 τὸν
733 2361 916 2412 Ἡρώδην.
976 2365 1143 2398 Reiskius
1184 2373 1244 2398 aut
1282 2362 1393 2398 αὐτὸν
1429 2366 1462 2400 in
1500 2362 1609 2400 οὖτον
1638 2367 1765 2401 mutari

287 2432 457 2470 oportere
500 2423 585 2457 dicit
626 2429 687 2457 aut
726 2423 792 2457 τὸν
821 2418 993 2468 Ἡρώδην
1024 2422 1145 2456 deleri.
1211 2425 1459 2458 Assenserunt
1499 2423 1687 2458 Dobreeus
1730 2430 1768 2458 et

286 2481 466 2520 Mauzner,
494 2481 551 2527 qui
579 2481 650 2515 haec
683 2480 790 2515 verba
825 2479 925 2513 uncis
959 2479 1111 2513 inclusit.
1173 2478 1310 2513 Tui-icc.
1338 2483 1389 2521 (et
1415 2480 1577 2521 Mueller)
1618 2482 1667 2514 ita
1692 2491 1766 2514 rem

285 2538 455 2585 expedire
482 2539 548 2572 sibi
574 2539 639 2573 visi
665 2545 765 2578 suut,
802 2538 832 2572 si
873 2544 958 2583 post
990 2534 1101 2571 αὐτόν
1126 2537 1294 2584 virgulam
1326 2543 1512 2584 ponerent.
1563 2536 1690 2570 Omnia
1715 2536 1773 2570 in—

283 2605 385 2643 tegra
405 2595 635 2637 videbuntur,
661 2598 691 2631 si
718 2598 769 2631 sic
795 2596 990 2641 scripsisse
1016 2595 1198 2640 putabitur
1225 2595 1425 2641 Antiphon:
1452 2614 1468 2620 -
1493 2613 1509 2620 -
1535 2596 1627 2638 φασὶ
1658 2591 1769 2628 αἰτὸν

284 2651 496 2686 &maweu
513 2654 579 2687 τὸν
593 2650 775 2699 Ἡρώδην.
828 2651 881 2686 ('f.
907 2653 931 2696 ἕ
958 2651 1002 2685 77
1029 2650 1146 2696 αὐτῷ’
1169 2649 1383 2698 ἡμάρτηται
1407 2648 1468 2694 τῷ
1492 2648 1584 2694 ἐμῷ
1607 2652 1766 2697 πατρί.

286 2710 428 2744 Andoc.
455 2709 516 2751 111,
544 2711 588 2744 28
615 2708 690 2755 ἐγώ,
713 2710 782 2754 μὲν
807 2704 870 2744 οὖν
904 2707 1056 2743 ἐκεῖνο
1085 2705 1237 2742 δέδοικα
1274 2706 1453 2752 μάλιστα,
1493 2701 1523 2741 ὦ
1544 2704 1774 2753 Ἀθηναῖοι,

282 2769 331 2800 τὸ
359 2763 647 2811 εἰθισμένον
671 2769 813 2800 κακὸν
833 2764 914 2800 κτλ.
