1938 3153
1577 184 1631 226 67

296 311 364 347 est
394 319 483 360 quo
521 317 582 352 ea,
615 318 713 359 quae
744 311 812 345 est
836 303 877 345 in
901 301 1158 358 Antiphont.
1178 311 1285 341 orat.
1304 300 1356 342 V.
1374 300 1483 342 Nam
1502 301 1688 356 primum

305 381 349 415 et
388 380 589 429 quartum
621 372 827 414 indicium
868 369 1130 413 testimoniis
1171 367 1415 412 confirmat.
1448 368 1689 410 secundum

300 443 490 483 omnium
523 441 679 482 civium
711 439 1019 482 recordatione
1048 436 1352 479 confirmatum
1371 436 1493 482 dicit,
1513 437 1687 477 tert-ium

296 510 441 552 solum
487 509 603 551 nude
642 508 777 550 affert.
840 506 987 559 Quare
1018 506 1061 547 in
1094 504 1331 546 earundem
1362 518 1589 545 numerum
1621 520 1687 546 re-

299 577 400 619 ferri
448 584 598 633 potest
643 584 774 631 atque
821 589 895 623 eae,
943 574 1001 615 (le'
1045 573 1205 629 quibus
1253 572 1364 613 dixit
1394 572 1599 628 Spengel.
1633 572 1691 613 ad

299 645 498 688 Anaxim.
529 658 570 698 p.
603 642 698 684 257.

270 715 326 768 βε
335 715 398 768 βα
408 713 427 753 ί
433 728 466 752 ω
478 722 506 752 σ
516 725 532 751 ι
545 725 564 757 ς
596 709 913 764 (δικαιολογία.)

301 779 564 832 παλιλλογία
596 791 765 824 eorum,
788 790 888 832 quae
909 778 950 818 in
972 776 998 833 §
1027 778 1129 819 11-
1144 777 1193 820 18
1217 782 1320 818 sunt
1346 802 1390 808 -—
1414 775 1440 832 §
1462 776 1512 818 19
1529 776 1618 818 init.
1639 801 1692 808 -

275 849 308 890 l.
342 847 475 899 Quod
505 846 758 887 insimulant
789 854 1095 891 accusatores,
1131 850 1304 899 patrem
1334 858 1476 885 meum
1503 845 1692 889 amein-

306 914 497 956 dicatum
530 928 649 957 esse.
681 913 1018 961 calumniantur3

285 982 330 1039 a)
362 995 458 1023 nam
491 981 528 1021 si
557 980 645 1021 hoc
676 980 908 1020 verisimile
927 979 1212 1035 esset,longe
1231 980 1357 1021 aliter
1373 993 1440 1020 me
1456 980 1696 1034 gessissem

304 1064 356 1091 ac
387 1047 545 1091 fecisse
578 1062 643 1089 me
675 1056 825 1089 notum
858 1055 927 1088 est
942 1046 977 1071 ⁵⁶
1001 1074 1051 1080 ——
1078 1047 1103 1104 §
1140 1047 1305 1090 19—23
1331 1072 1377 1078 —
1404 1045 1552 1089 εἰκότα
1576 1063 1650 1096 -;

275 1118 317 1175 b)
348 1118 386 1159 si
417 1116 623 1159 conscius
657 1114 789 1171 hujus
822 1115 1001 1156 sceleris
1034 1115 1136 1156 mihi
1163 1115 1365 1164 fuissem,
1384 1130 1470 1156 non
1488 1115 1560 1156 hic
1577 1130 1696 1157 man-

306 1186 465 1228 sissem
489 1182 795 1240 judiciumque
828 1183 1063 1225 subiissem
1080 1183 1127 1225 ⁵⁷.
1159 1183 1185 1240 Β
1217 1184 1284 1226 24.
1315 1181 1563 1240 τεκμήριον.

318 1319 364 1353 56
413 1317 432 1364 §
460 1318 503 1351 19
530 1316 572 1352 οὗ
596 1318 666 1364 γὰρ
692 1320 754 1351 καὶ
779 1314 925 1351 δίκαιον
949 1314 1220 1363 ἀπολογεῖσθαι
1251 1315 1593 1362 ἀναμιμνήσκοντας
1617 1316 1704 1350 τοὶς

218 1375 294 1410 τῶν
333 1373 553 1421 κατηγόρων
591 1371 718 1419 Myous·
758 1370 977 1418 ἰξελέγχεινς
1024 1373 1165 1407 Turivc.
1207 1374 1574 1420 WVyttenbachianum
1617 1373 1702 1407 illud

221 1430 341 1466 οὕτω
367 1443 434 1478 pro
462 1429 504 1465 οὔ
528 1431 735 1476 probarunt.
798 1429 874 1463 Sed
908 1441 1015 1475 quum
1049 1438 1131 1475 post
1159 1428 1370 1476 ἐξελέγχειν,
1397 1429 1701 1477 quemadmodum

223 1488 355 1523 suadet
380 1487 615 1523 Foertschius
640 1488 673 1521 in
692 1487 896 1521 Observatt.
913 1487 988 1520 crit.
1014 1486 1046 1520 in
1072 1486 1155 1532 llys,
1175 1487 1288 1522 Oratt.
1314 1487 1427 1534 (Lips.
1459 1486 1561 1527 1829)
1587 1498 1620 1531 p.
1646 1487 1707 1525 64,

221 1546 362 1592 signum
388 1543 631 1590 interrogandi
669 1544 913 1589 posuerimus,
952 1545 982 1578 si
1022 1551 1102 1578 ante
1129 1542 1326 1591 ἐξελέγχειν
1350 1544 1567 1591 intelligetur
1593 1540 1700 1581 ὥστε,

220 1613 332 1637 causa
356 1614 427 1637 non
454 1602 536 1642 erit,
572 1612 636 1635 cur
672 1600 778 1634 verba
805 1609 992 1635 mutentur.
1049 1600 1207 1636 Nonne
1234 1602 1344 1636 enim
1377 1623 1413 1628 ——
1441 1602 1555 1648 inquit
1581 1608 1705 1635 orator

224 1677 264 1685 -
283 1659 351 1693 vel
370 1659 540 1705 justum
567 1665 637 1692 est
662 1659 721 1692 ita
747 1669 793 1692 se
820 1659 1008 1704 aliquem
1036 1659 1292 1700 defendere,
1318 1660 1427 1693 utin
1454 1660 1705 1693 memoriam

224 1714 671 1750 revocetrefutandi
698 1726 834 1749 causa
865 1726 929 1755 ea,
967 1727 1059 1761 quae
1097 1715 1350 1750 adversarii
1391 1714 1611 1750 dixerint?
1653 1714 1707 1748 De

227 1772 353 1819 plurali
391 1769 733 1816 ἀναμιμνήσκοντας
759 1771 806 1807 cf.
834 1772 976 1818 Antiph.
1006 1784 1055 1806 or.
1082 1772 1096 1805 1
1123 1772 1141 1817 ξ
1164 1774 1174 1806 l
1205 1771 1290 1807 τοῦς
1316 1769 1426 1806 αὑτοῦ
1450 1770 1616 1817 φονεῦσι.
1656 1771 1709 1805 ld.

224 1830 267 1870 11,
294 1841 331 1870 α,
360 1828 382 1863 9
406 1828 482 1862 τῶν
503 1830 815 1874 παραγενομένων
838 1827 899 1869 (de
927 1840 996 1863 uno
1023 1832 1154 1870 servo).
1216 1827 1334 1870 Quum
1361 1829 1452 1862 euim
1480 1830 1513 1862 in
1540 1830 1709 1862 universa

224 1898 340 1921 rerum
366 1884 669 1931 contemplatione
696 1892 859 1919 versatur
885 1886 1011 1925 orario,
1053 1887 1200 1932 pluralis
1242 1897 1410 1920 numerus
1448 1885 1608 1920 adhiberi
1645 1896 1709 1919 so-

226 1945 283 1977 let.
333 1941 499 1976 Ceterum
526 1941 569 1975 cf.
596 1940 775 1976 Maetzner.
802 1941 1040 1977 Commentar.
1067 1943 1112 1977 ad
1140 1943 1286 1989 Antiph.
1312 1942 1355 1983 11,
1381 1955 1417 1983 α,
1446 1942 1478 1983 7,
1506 1954 1539 1988 p.
1567 1940 1645 1975 153.

320 2020 363 2026 —-
413 1998 432 2045 ξ
457 1998 503 2033 22
529 1993 566 2032 εἶ
586 1994 710 2042 ἀληθῆ
735 1994 816 2032 οἵδε
839 1996 1004 2045 λέγουσιν
1026 2000 1056 2034 si
1081 2012 1165 2035 vera
1192 2007 1424 2035 accusatores
1445 2000 1513 2034 mei
1538 1999 1708 2039 fatemur,

227 2057 329 2092 fateri
347 2057 481 2096 volunt,
505 2057 525 2091 i.
553 2066 582 2090 e.
608 2055 706 2101 quod
732 2056 820 2102 ipsis
848 2069 993 2103 quoque
1020 2059 1292 2092 accusatoribus
1311 2059 1416 2098 meis,
1445 2058 1475 2091 si
1502 2068 1583 2091 vera
1603 2056 1707 2091 fateri

227 2115 368 2155 volunt,
395 2114 670 2148 concedendum
697 2120 763 2148 est.

321 2172 364 2205 57
414 2171 433 2216 ᾗ
458 2171 504 2206 24
529 2167 566 2205 εἶ
586 2169 711 2215 ἀληθῆ
733 2165 780 2215 ἦν
798 2170 914 2205 ταῦτα
938 2169 963 2205 ἅ
984 2184 1037 2216 με
1063 2169 1335 2218 κατηγόρησαν.
1384 2171 1592 2205 Dobreeum
1616 2170 1711 2204 Adv.

227 2229 253 2269 Ι,
283 2228 349 2262 177
374 2225 400 2261 ἅ
418 2240 504 2272 μου
529 2228 599 2274 legi
621 2227 808 2273 jubentem
826 2230 940 2263 secuti
959 2235 1044 2264 sunt
1070 2229 1303 2263 Tui-irenses.
1354 2227 1465 2271 Quod
1493 2228 1571 2262 sine
1597 2227 1713 2262 dubio

232 2291 329 2319 recte
355 2284 488 2318 factum
514 2291 631 2326 esset,
658 2286 687 2318 si
715 2285 749 2319 id
778 2294 955 2332 ageretur,
995 2292 1033 2320 ut
1071 2286 1117 2321 ad
1155 2297 1380 2321 communem
1418 2285 1591 2332 loquendi
1630 2297 1718 2319 con-

231 2340 457 2377 suetudinem
498 2341 682 2390 redigeres
721 2343 791 2378 hoe
831 2344 1060 2379 vocabulum.
1111 2344 1188 2379 Sed
1216 2344 1327 2380 multa
1352 2355 1431 2378 cum
1457 2343 1624 2377 cautione
1652 2342 1719 2375 cri-

230 2400 300 2434 tica
324 2397 522 2433 faeiitauda
548 2405 608 2432 est
634 2400 668 2433 in
707 2399 921 2441 Andocide,
960 2402 1092 2447 quippe
1124 2403 1182 2447 qui
1215 2413 1321 2447 quum
1348 2402 1382 2435 in
1408 2399 1720 2434 enunciationibus

231 2454 508 2491 conformandis
547 2459 622 2489 tum
659 2455 693 2490 in
735 2457 853 2492 verbis
893 2460 985 2493 inter
1022 2469 1062 2493 se
1088 2457 1310 2492 collocandis
1337 2457 1383 2491 ad
1409 2457 1591 2504 vulgarem
1617 2468 1722 2491 usum

239 2523 460 2560 sensumque
498 2512 696 2546 orationem
735 2520 892 2550 revocet.
955 2514 1075 2558 Quare
1101 2527 1172 2550 non
1198 2525 1351 2561 prorsus
1379 2514 1638 2561 repudiandum
1666 2521 1724 2549 est

246 2571 332 2618 illud
359 2571 422 2616 μέ.
474 2567 582 2612 Quod
607 2568 782 2617 Krueger‚
809 2573 1037 2608 acutissimus
1071 2573 1131 2614 vir,
1159 2570 1219 2606 Gr.
1246 2570 1366 2606 Gram.
1393 2571 1420 2614 1,
1445 2571 1502 2614 47,
1528 2571 1582 2613 24,
1611 2572 1630 2604 3
1656 2584 1722 2618 pro

232 2626 573 2676 κατηγόρησαν
599 2627 852 2664 commendare
878 2630 1017 2666 videtur
1040 2626 1381 2676 κακηγὸρησαν,
1418 2630 1454 2664 id
1481 2630 1535 2664 vel
1574 2639 1724 2678 propter

232 2695 293 2726 ea,
320 2696 397 2730 quae
423 2684 650 2732 praecedunt,
675 2680 712 2719 εἷ
738 2682 864 2730 ἀληθῆ
891 2680 937 2730 ἧν
960 2685 1087 2727 ταῦτα,
1116 2687 1262 2733 probari
1288 2698 1361 2722 non
1387 2692 1521 2733 potest.
