1938 3153
1561 171 1615 213 73

276 299 344 327 me
389 300 445 327 ex
476 285 704 327 maritimis
741 284 948 341 periculis
980 291 1024 326 et
1054 285 1391 340 tempestatibus
1423 291 1669 333 servarunt,

281 354 383 410 quia
414 353 522 396 nihil
552 353 752 410 improbe
782 367 808 395 a
838 367 907 395 me
936 351 1101 394 factum
1132 366 1232 394 esse
1249 351 1511 409 videbant.§
1534 352 1671 397 137-

286 421 379 464 139.
410 426 608 480 σημεῖον.

247 488 516 543 ἐπίλογος.
552 489 578 545 §
614 489 852 533 140-150.
1050 532 1054 535 ,

190 556 221 597 1.
283 557 506 599 Bonorum
531 557 648 613 jam,
676 555 981 602 Athenienses,
1002 554 1195 596 virorum
1222 555 1397 598 laudem
1414 555 1538 598 fertis
1568 572 1671 613 pro-

280 630 378 680 pter
409 639 524 672 eam,
556 638 686 679 quam
716 623 830 665 inter
860 636 942 663 vos
973 622 1356 672 reconciliavistis,
1386 624 1571 681 gratiam
1602 640 1668 668 re-

273 705 458 747 rumque
488 697 588 733 ante
619 697 812 732 actarum
845 690 1121 731 oblivionem.
1190 689 1269 732 Cui
1315 691 1436 734 laudi
1482 706 1537 735 ne
1577 693 1664 748 ipsi

281 758 521 815 quidquam
553 758 817 808 detrahatis,
849 756 1120 812 eandemque
1153 757 1209 799 de
1239 772 1306 800 me
1325 759 1574 814 opinionem
1593 761 1669 803 ha-

277 827 431 875 beatis,
462 840 592 882 quam
624 825 679 867 de
709 825 951 881 majoribus
983 824 1113 872 meiS‚
1145 825 1219 880 qui
1250 826 1448 868 maximis
1481 842 1563 868 vos
1594 828 1670 870 be·

276 894 442 936 neficiis
473 893 711 936 affecerunt
727 892 774 934 ⁷⁰.
806 892 832 948 §
871 891 1104 935 140-143.
1120 891 1236 949 πρὸς
1251 893 1418 947 φιλίαν.
1444 893 1507 936 Cf.
1526 896 1666 937 Anax.

280 961 376 1011 222,
408 961 459 1004 31
494 975 593 1016 sqq.
624 960 721 1009 233,
757 960 818 1002 18.
851 958 947 1008 236,
986 959 1039 1001 31
1074 974 1170 1016 sqq.
1232 960 1342 1002 Haec
1373 961 1550 1018 epilogo
1582 976 1668 1004 non

281 1042 566 1072 annumerare
617 1027 793 1070 videtur
838 1026 1043 1084 Spengel.
1090 1028 1147 1071 ad
1192 1030 1331 1072 Anax.
1379 1028 1673 1073 Commentar.

190 1165 242 1207 ΙΙ.
275 1163 458 1217 Qualem
499 1178 565 1206 me
598 1163 759 1210 civem,
792 1163 828 1205 si
859 1162 962 1205 mihi
997 1162 1202 1205 incolumi
1235 1179 1335 1206 esse
1367 1165 1515 1213 liceat,
1546 1165 1670 1209 habi-

277 1233 363 1274 turi
396 1233 504 1281 sitis,
538 1231 684 1273 videte
701 1231 751 1271 ⁷¹.
781 1230 806 1286 §
843 1223 1078 1272 144-145.
1103 1231 1217 1287 πρὸς
1241 1231 1381 1288 χάριν.

191 1299 265 1342 III.
283 1298 400 1351 Quid
432 1299 536 1341 mihi
569 1305 791 1346 noceatur,
813 1297 851 1338 si
877 1296 1158 1348 condemner,
1176 1299 1510 1356 considerate.§
1532 1301 1667 1344 146-

283 1367 376 1410 150.
407 1365 520 1423 πρὸς
548 1365 672 1407 ἔλεον
687 1365 736 1406 ⁷².

310 1433 421 1487 Quae
462 1434 505 1476 in
550 1432 855 1485 δικαιολογιῶν
902 1446 1082 1475 numero
1128 1432 1372 1477 referendae
1412 1444 1517 1478 sunt
1547 1437 1669 1480 Anti·

193 1503 375 1559 phontis
421 1508 465 1544 et
509 1501 753 1544 Andocidis
802 1501 1045 1549 orationes,
1092 1503 1308 1557 expositae
1340 1502 1668 1561 descriptaeque

186 1570 278 1626 jam
309 1575 423 1611 sunt.
484 1568 556 1611 Ad
586 1568 859 1625 δημηγορίας
888 1574 1176 1610 transeamus.

192 1638 268 1679 De
308 1651 377 1678 or.
408 1636 478 1684 II,
518 1649 633 1691 quae
675 1641 759 1676 est
806 1634 871 1676 de
900 1635 1081 1689 ipsius
1121 1636 1171 1677 in
1204 1637 1437 1691 patriam
1469 1639 1670 1681 reditu.

308 1703 467 1746 Habita
500 1703 641 1745 oratio
674 1710 743 1745 est
774 1701 979 1745 OLXCII
1011 1702 1049 1752 3,
1080 1703 1105 1744 i.
1138 1717 1194 1751 e.,
1226 1718 1261 1745 a.
1294 1718 1330 1746 a.
1363 1704 1464 1747 Chr.
1496 1721 1536 1748 n.
1568 1707 1666 1749 410.

192 1770 448 1814 Andocides
479 1779 715 1827 postquam
748 1769 842 1812 sive
873 1769 1050 1812 crimine
1083 1769 1138 1812 de
1171 1772 1391 1827 mysteriis
1423 1772 1550 1815 elatis
1582 1789 1669 1817 non

195 1840 303 1881 sat-is
336 1846 550 1895 purgatus
582 1840 675 1880 sive
705 1839 747 1879 in
779 1837 941 1879 indicio
974 1838 1131 1880 civium
1164 1838 1307 1894 culpae
1340 1842 1569 1883 convictus
1608 1842 1672 1883 in-

192 1906 321 1949 famia
351 1913 530 1949 notatus
563 1912 651 1953 est,
684 1905 869 1946 Athenis
902 1906 955 1959 (a.
986 1906 1086 1960 415)
1124 1906 1306 1953 relictis,
1338 1922 1470 1962 quum
1504 1907 1669 1951 frustra

192 1975 249 2017 ad
281 1976 464 2030 patriam
511 1973 652 2015 redire
692 1977 747 2026 (a.
779 1972 880 2026 412)
912 1979 1097 2014 conatus
1130 1980 1269 2021 esset,
1303 1973 1449 2015 denuo
1480 1982 1535 2027 (a.
1567 1977 1669 2031 410)

287 2088 334 2123 70
381 2088 405 2131 §
431 2087 499 2123 142
525 2108 539 2114 -
567 2107 582 2113 -
607 2083 910 2130 Λακεδαιμόνιοι
933 2083 1094 2132 ἔγνωσαν
1118 2083 1219 2130 ὅμως
1241 2084 1326 2121 τότε
1351 2085 1484 2134 ἐχθροὶ
1506 2084 1610 2124 ὄντες
1625 2108 1642 2117 -
1657 2107 1673 2115 ·

191 2145 320 2180 Possit
349 2145 501 2180 forsitan
539 2144 666 2191 aliquis
704 2142 901 2188 conjicere,
926 2142 1115 2188 legendum
1153 2153 1236 2176 esse
1260 2140 1561 2187 Λακεδαιμόνιοι
1584 2143 1671 2179 τότε

196 2200 329 2248 ἐχθροὶ
354 2198 455 2237 ὄντες
479 2199 581 2246 ὅμως
606 2200 765 2246 ἔγνωσαν
789 2219 803 2227 -
824 2218 859 2233 -.

286 2257 330 2291 71
379 2258 403 2300 5
431 2258 499 2292 144
525 2269 578 2304 sq.
605 2256 733 2291 ἔπειτα
759 2253 799 2290 δὲ
825 2259 886 2289 καὶ
914 2256 1000 2301 βίον
1031 2250 1260 2302 εἰργασάμην
1283 2254 1323 2290 ἐκ
1345 2255 1412 2289 τοῦ
1438 2252 1597 2297 δικαίου,
1624 2256 1671 2305 τῇ

192 2312 316 2362 γνώμῃ
343 2316 404 2347 καὶ
433 2314 518 2348 ταῖν
540 2314 667 2361 χερσῖν
699 2313 784 2347 ταῖν
821 2310 1000 2357 ἐμαυτοῦ·
1040 2311 1096 2346 ἔτι
1118 2309 1159 2346 δὲ
1184 2310 1259 2346 κτλ.
1317 2312 1364 2346 Et
1390 2313 1498 2346 verba
1523 2321 1558 2347 et
1585 2325 1669 2348 sen-

192 2371 305 2405 tentia
328 2370 513 2417 postulare
539 2371 690 2410 videtur,
728 2376 767 2404 ut
801 2370 877 2404 haec
902 2370 1114 2404 restituatur
1139 2369 1311 2402 orationis
1339 2369 1452 2404 series
1480 2376 1515 2403 et
1541 2381 1671 2415 perpe·

193 2427 321 2463 tuitus:
347 2446 362 2453 -
389 2446 403 2452 -
427 2427 511 2461 ταῖν
538 2426 710 2471 ἐμαυτοῦ,
741 2427 780 2473 [ss
807 2426 889 2472 145]
914 2423 1067 2461 πολλοῖς
1092 2423 1349 2471 συγγενόμενος
1373 2428 1434 2458 καὶ
1456 2443 1472 2452 -
1494 2444 1511 2453 -
1533 2444 1550 2453 ·
1576 2423 1671 2461 ὅπου

196 2482 242 2519 ἂν
264 2483 303 2518 ἓν
325 2481 443 2531 καιρῷ
467 2495 504 2518 τι
527 2480 613 2527 ὖμῒν
636 2484 821 2530 γίγνηται·
849 2483 889 2529 [ss
918 2483 997 2529 144]
1024 2481 1077 2517 ἔτι
1105 2479 1146 2515 δὲ
1172 2477 1301 2515 εἰδότα
1322 2481 1391 2526 μὲν
1412 2477 1495 2516 οἷόν
1510 2480 1673 2517 ἐστι-η

197 2541 441 2586 ἐπιστάμενον
465 2537 496 2575 δ’
523 2536 604 2574 οἷον
624 2541 667 2573 τὸ
693 2537 910 2586 ἁμαρτόντα
927 2537 1070 2586 πρᾶξαι
1084 2537 1217 2573 κακῶς.
1252 2538 1290 2583 [5
1321 2538 1400 2584 146]
1418 2534 1519 2582 Ἔχει
1536 2537 1577 2574 δὲ
1593 2539 1669 2574 κτλ.

293 2599 337 2631 72
386 2596 494 2639 Quod
526 2596 571 2630 H.
605 2596 647 2630 G.
684 2596 980 2642 Hauptmannus,
1019 2596 1063 2629 de
1100 2594 1291 2629 Andocide
1329 2595 1430 2629 Orat.
1454 2598 1528 2629 Att.
1553 2608 1580 2630 c.
1606 2597 1670 2631 lv.

196 2665 231 2700 p.
256 2654 326 2688 562
350 2653 406 2690 ed.
432 2653 551 2690 Reisk.
577 2652 682 2688 Tom.
709 2651 814 2694 VIII,
851 2652 942 2688 hane
980 2651 1177 2686 orationem
1216 2662 1261 2687 ex
1299 2652 1440 2688 duabus
1479 2653 1670 2688 conflatam
