2037 3147
205 430 271 474 βῑ).
297 422 326 464 Ι.
389 421 434 478 α)
465 422 622 477 Neque
653 435 679 463 a
710 422 989 466 latronibus
979 440 1040 466 in·
1057 425 1084 467 l.
1146 427 1191 478 a)
1221 426 1471 470 Verisimile
1494 437 1579 479 est,
1598 444 1695 472 eum
1717 443 1793 471 no·
1813 439 1877 474 α4.

385 539 619 579 verisimile
651 547 738 587 est,
1140 546 1307 582 vestem
1359 541 1634 584 interfectum
1679 554 1790 584 esse

356 595 399 652 b)
431 611 573 652 neque
619 595 673 637 ab
720 595 812 638 ullo
845 595 932 638 alio
964 605 1040 639 aut
1142 598 1262 647 Non,
1308 598 1429 655 quod
1476 599 1692 656 spoliatus
1724 615 1790 641 re—

386 667 464 707 per
496 652 775 693 vinolentiam
1140 656 1410 710 periebatur‚
1440 657 1605 698 idcirco
1628 658 1682 699 ab
1703 656 1790 697 illis

356 710 394 767 c)
427 716 501 751 aut
534 725 611 765 per
641 709 779 751 rixam
1141 727 1239 754 eum
1261 727 1349 755 non
1373 715 1565 756 occisum
1591 728 1689 756 esse
1712 728 1791 769 pu-

352 768 396 823 d)
429 775 505 807 aut
538 782 615 822 per
647 781 874 808 errorem·
891 767 991 822 §4-
1141 769 1324 811 tandum
1356 778 1424 811 est
1458 796 1506 802 —
1540 770 1563 825 ξ
1596 772 1621 812 5
1659 794 1703 802 -—
1818 764 1879 809 y?-

150 816 336 866 4933211.
385 823 465 864 sed
500 838 554 865 ex
584 823 756 865 insidiis
789 838 887 865 eum
929 825 1037 879 peri-
1141 825 1183 884 b)
1214 826 1281 867 sin
1313 826 1475 877 minus,
1507 827 1599 868 fieri
1626 827 1790 893 potuit,
1813 830 1866 877 72.
1871 826 1926 865 δ6.

381 882 493 930 isse,
517 896 636 923 mors
667 883 766 938 ipsa
797 882 981 932 indicat,
1140 893 1189 926 ut-
1209 884 1339 925 alium
1363 893 1610 939 quaerentes
1633 885 1673 926 in
1698 898 1795 926 eum

353 940 398 997 a)
433 946 475 980 et
505 940 560 981 ab
584 954 657 982 e0.
680 954 869 995 quocum
892 940 1038 982 simul·
1139 941 1382 983 inciderent
1411 941 1715 984 interfectores
1728 940 1776 982 ⁹².

165 1120 193 1162 β
203 1116 268 1159 3;6.

183 1300 274 1345 βιι.

155 1580 273 1627 β94γ6.

356 180 413 224 30

350 296 652 350 βεβαίωσις.
684 295 708 352 ξ
738 296 863 340 4-9.
1144 300 1245 345 τῶν
1312 301 1794 373 κατηγορουμένων

1054 356 1209 406 λύσις
1239 361 1515 415 (βεβαίωσις).
1547 362 1570 417 ἓ
1601 362 1724 404 5-9.

384 481 522 522 terfici
553 481 754 536 potuisse
778 482 1037 523 hominem⁹¹
1140 490 1208 524 cte
1255 498 1279 525 a
1324 485 1569 528 latronibus
1609 493 1791 542 propter

385 1004 499 1040 tates
535 1003 577 1039 et.
609 997 812 1040 habuerit
845 1005 889 1041 et
918 998 1038 1041 habi·
1112 1000 1150 1057 c)
1182 999 1334 1041 Multis
1381 1013 1559 1055 quoque
1610 999 1653 1041 in
1689 997 1793 1041 odio
1820 1001 1934 1048 ‹1673-

383 1061 510 1095 turus
543 1055 611 1095 sit
644 1054 736 1108 §5
1141 1071 1237 1098 eum
1289 1070 1408 1097 esse:
1462 1057 1517 1097 ab
1562 1056 1648 1097 illis
1696 1070 1794 1096 eum

353 1110 395 1175 b)
431 1110 511 1151 Hic
532 1110 606 1151 ille
629 1117 717 1159 est3
733 1110 904 1166 jamdiu
927 1111 1036 1152 enim
1140 1112 1343 1168 periisse,
1376 1112 1586 1154 credibile
1603 1121 1681 1153 est.

377 1168 577 1209 mimicus
626 1168 723 1223 ejus
765 1175 853 1217 est,
885 1175 929 1209 et
960 1183 1036 1209 nu-
1053 1171 1094 1209 11.
1127 1170 1172 1226 a)
1202 1169 1330 1211 Servi
1361 1168 1657 1210 testimonium
1674 1168 1793 1210 nihili
1820 1171 1930 1217 α9γ4
1936 1166 1993 1206 ‹5⁷-

2003 852 2010 996 f

2001 1014 2007 1041 ll

1997 1042 2018 1292 l

382 1238 462 1279 per
494 1224 549 1265 ab
582 1238 635 1264 eo
668 1224 824 1279 capitis
857 1238 1036 1266 accusa·
1140 1235 1219 1267 est.
1249 1225 1273 1279 fi
1304 1226 1342 1267 7.

384 1290 456 1323 tus
489 1287 568 1323 est.
620 1280 873 1323 Ulciscendi
905 1296 1036 1323 causa
1112 1282 1153 1341 b)
1183 1280 1478 1324 verisimilius
1501 1287 1591 1330 est,
1613 1294 1681 1322 me
1711 1295 1795 1324 cae-
1818 1283 1932 1329 a9..y5
1935 1278 1992 1317 δ8

385 1353 484 1380 eum
514 1337 743 1380 interfecit.
775 1339 799 1393 ἓ
830 1339 868 1380 6.
1142 1338 1186 1381 di
1218 1337 1414 1381 abfuisse
1454 1352 1585 1407 quam
1616 1338 1797 1380 interfu-

355 1395 395 1454 c)
428 1394 658 1452 Cupiditas
703 1395 946 1439 ulciscendi
990 1395 1039 1437 ti·
1140 1397 1241 1438 isse.
1274 1395 1406 1452 §5—
1362 1396 1453 1438 —8.
1484 1393 1648 1437 εἰκότα.

382 1467 567 1509 morque
614 1454 799 1509 periculi
846 1468 944 1496 eum
984 1452 1113 1497 adlll.
1146 1456 1367 1510 Apparet,
1426 1452 1470 1494 id
1532 1452 1797 1509 periculum,
1820 1452 1933 1499 ‘²77ss-
1996 1459 2000 1472 ¹

381 1510 547 1552 caedem
580 1510 774 1565 impulit,
811 1536 855 1542 —-
882 1511 905 1565 ξ
937 1510 962 1552 7
989 1535 1035 1540 -
1143 1511 1278 1566 quod,
1296 1512 1334 1552 si
1353 1509 1797 1560 euminterfecissem‚

355 1567 401 1626 d)
433 1574 476 1609 et
507 1582 613 1623 spes
647 1568 795 1616 etiam,
843 1567 929 1610 hoe
960 1566 1040 1608 cri·
1141 1583 1197 1610 ex
1230 1568 1324 1625 ejus
1357 1581 1462 1609 nece
1493 1566 1595 1608 mihi
1632 1567 1797 1623 impen-

384 1626 498 1667 mine
531 1640 580 1666 se
596 1625 780 1667 liberum
799 1625 905 1666 fore.
938 1625 1020 1679 57.
1143 1625 1287 1675 deret,
1333 1625 1472 1680 pluris
1506 1638 1606 1666 esse
1636 1624 1797 1666 facien-

356 1683 395 1740 e)
427 1680 563 1734 Quod
596 1682 765 1723 etiamsi
798 1682 902 1724 vel
891 1696 935 1723 in
959 1681 1042 1722 hac
1142 1682 1266 1731 dum,
1290 1696 1419 1737 quam
1441 1680 1507 1729 id,
1529 1681 1571 1721 in
1595 1680 1743 1735 quod
1732 1696 1795 1722 m

386 1739 509 1781 caede
531 1738 959 1794 deprehenderetur
978 1746 1040 1780 ta·
1143 1739 1257 1781 curri
1291 1745 1472 1794 propter
1503 1737 1620 1779 litem
1653 1738 1696 1779 in
1728 1752 1797 1780 me

386 1811 484 1837 men
530 1796 740 1845 ultionem
786 1810 834 1837 se
870 1796 1040 1837 habitu·
1142 1797 1197 1837 ab
1230 1810 1282 1836 eo
1314 1795 1534 1836 intentam.
1597 1793 1680 1835 Hic
1708 1793 1797 1835 for-

387 1865 483 1895 rum
517 1866 617 1894 esse
648 1853 868 1907 sperabat.
900 1852 923 1907 ἓ
953 1854 993 1895 ὅ.
1143 1860 1261 1895 tunae
1307 1865 1413 1893 meae
1459 1856 1667 1906 aguntur,
1706 1850 1796 1893 illic

103 1912 275 1962 1377487.
299 1913 358 1951 111.
390 1909 711 1951 Testimonium
742 1910 870 1951 servi.
901 1914 940 1951 Is
963 1910 1040 1951 ho·
1143 1910 1242 1951 vita.
1275 1908 1298 1963 ξ
1330 1909 1368 1950 9.
1399 1907 1650 1964 ἐνθύμημα.

103 2026 277 2075 β8.γ5.δ“8.

387 1968 543 2009 minem
589 1967 631 2008 in
671 1967 927 2009 sicariorum
964 1982 1040 2009 nu-

388 2039 509 2124 t{pero
555 2039 581 2066 a
627 2040 676 2066 se
716 2025 908 2082 agnitum
941 2039 1039 2067 esse

419 2082 504 2124 icit.

319 2199 381 2230 καὶ
413 2197 498 2231 τοὺς
533 2195 821 2232 ἀποκτείναντας
861 2198 1045 2243 φανεροὺς
1083 2194 1330 2238 καταστῆσαι·
1374 2190 1475 2236 ὅμως
1516 2189 1557 2226 δὲ
1594 2194 1656 2226 καὶ
1687 2191 1795 2227 τοῦτο

320 2250 599 2299 ἐπιχειρητέον·
635 2250 742 2286 οὐδὲν
772 2252 851 2299 yde}
871 2252 1099 2301 πικρότερον
1128 2250 1194 2297 τῆς
1226 2248 1383 2296 ἀνάγκης
1404 2248 1524 2282 {cmv
1549 2245 1657 2283 εἶναι.
1704 2249 1796 2284 Ver-

319 2310 449 2345 borum
488 2306 672 2354 ordozsic
709 2309 870 2344 fortasse
908 2310 1155 2346 restituendus
1194 2314 1268 2344 est:
1293 2327 1308 2334 -
1335 2326 1350 2332 -
1377 2326 1391 2332 -
1417 2303 1663 2349 καταστῆσαι·
1691 2301 1798 2340 οῦδὲν

318 2368 389 2415 γὰρ
414 2365 641 2414 πικρότερον
668 2366 734 2412 τῆς
761 2364 918 2415 ἀνάγκης
958 2367 1077 2403 ἔοικεν
1109 2364 1222 2401 εἶναι·
1262 2361 1363 2408 ὅμως
1387 2359 1427 2397 δὲ
1457 2364 1519 2396 καὶ
1542 2359 1617 2396 κτλ.
1666 2361 1797 2397 Consi-

319 2425 391 2460 mili
416 2425 526 2460 modo
553 2426 753 2472 conjunctae
777 2425 868 2460 inter
886 2437 927 2462 se
944 2431 1068 2473 partes
1096 2422 1353 2459 enunciationis
1377 2431 1442 2467 per
1465 2418 1672 2460 membrum,
1697 2417 1798 2466 quod

321 2494 367 2518 ex
392 2495 481 2517 voce
506 2481 576 2530 γάρ
604 2493 726 2530 aptum
752 2490 827 2525 est,
854 2483 1069 2518 divelluntur
1094 2478 1117 2515 ὃ
1141 2480 1160 2525 §
1187 2480 1207 2512 9
1232 2490 1293 2512 τοι
1279 2478 1313 2514 ‘lc
1336 2475 1404 2522 μὲν
1426 2495 1442 2505 -
1464 2496 1480 2504 -
1515 2474 1688 2519 ἀτυχοῦσι
1709 2486 1798 2509 νεω-

320 2539 483 2586 τερίζειν
510 2541 712 2587 συμφέρει
739 2539 779 2575 ἐκ
801 2541 883 2588 γὰρ
908 2538 984 2575 τῶν
1005 2533 1223 2583 μεταβολῶν
1256 2532 1430 2575 ἐπίδοξος
1452 2531 1475 2577 ἧ
1501 2530 1710 2578 δυσπραγία
1734 2542 1798 2575 με·

320 2593 517 2643 ταβσὶλλειν
541 2594 661 2632 αὐτῶν
685 2596 782 2632 ἐστι·
807 2598 888 2634 τοῖς
913 2594 945 2632 δ’
972 2593 1181 2639 εὐτυχοῦσιν
1205 2590 1417 2640 ατρεμίζειν
1439 2593 1501 2625 καὶ
1519 2586 1716 2635 φυλάσσειν
1731 2588 1798 2633 τήν

319 2666 516 2703 παροῦσαν
542 2656 755 2709 Ευπραγιανο

415 2702 455 2735 91
507 2702 572 2735 τὸν
596 2699 815 2747 ἄνθρωπον.
866 2699 921 2735 De
957 2699 1024 2735 hac
1058 2707 1148 2732 voce
1180 2694 1219 2730 C.
1244 2694 1283 2729 L.
1308 2694 1451 2740 Kayser
1476 2690 1678 2727 Rheinisch.
1701 2690 1796 2726 Mus.

319 2758 391 2794 XII
415 2758 556 2802 (1857),
580 2771 615 2806 p.
641 2757 729 2793 230:
755 2758 840 2794 ”·de1
864 2758 1000 2805 Klager
1025 2776 1040 2783 -
1065 2772 1084 2780 -
1108 2754 1232 2789 immer
1257 2758 1363 2788 sonst
1387 2746 1407 2785 ὃ
1433 2747 1540 2796 ἀνήρ.
1590 2748 1710 2785 Daher
1732 2749 1798 2784 τὸν
