1938 3153
132 707 196 752 5⁷-

224 462 254 503 I.

285 188 342 230 42

516 301 592 351 IV,
623 302 684 343 α’)

283 393 573 448 Πρόλογος.
606 395 631 450 §
671 395 789 436 1-5.

316 462 453 504 Recte
469 462 579 504 illud
598 463 808 504 usitatum
827 469 907 512 est,
925 473 972 505 ut.-

310 520 624 562 accusantibus
656 533 796 584 opera
829 519 971 569 detur,

311 592 364 617 ne
382 578 630 643 opprimant
654 576 872 622 insontes,
891 578 971 619 cri·

308 635 410 676 mini
450 634 672 675 obnoxios
711 633 970 689 relinquant.

313 695 346 733 A
401 691 498 732 Deo
531 691 587 732 ad
629 690 673 732 id
718 690 822 732 facti
864 693 971 733 nati-

310 763 397 812 que
415 762 581 793 sumus
599 757 649 789 ut
667 763 719 789 ne
736 756 838 790 ante
856 748 969 791 diem

311 806 400 845 vita
433 819 605 859 privar(
610 819 716 845 mur
757 804 906 856 Quare
936 807 971 847 si

312 861 411 916 quis
464 860 654 917 aliquem
689 861 779 904 vita
809 861 973 918 spolia-

314 920 395 965 vit,
426 919 465 959 is
499 927 542 959 et
572 920 732 973 impius
764 920 807 960 in
832 919 972 961 Deum

313 980 383 1016 est,
414 984 457 1017 et
491 975 629 1027 levem
663 974 858 1018 violatw.
891 974 916 1034 §
955 977 967 1018 l

317 1034 408 1075 —4
440 1032 555 1089 πρὸς
584 1047 773 1076 ευνοιαν.

1287 303 1359 353 iv,
1390 306 1429 359 β.

1044 395 1361 450 Προοίμιον.
1400 395 1424 450 ξ
1460 397 1492 438 1.

1073 461 1229 504 Brevis
1247 463 1432 505 istorum
1451 463 1607 508 oratio.
1630 464 1733 507 Non

1074 518 1240 561 mirum.
1302 521 1402 562 Non
1426 521 1537 561 enim
1554 536 1608 563 ne
1626 521 1732 577 quid

1074 577 1313 633 patiantur,
1365 577 1444 618 sed
1492 588 1542 619 ut
1585 578 1733 634 inique

1074 649 1141 676 me
1187 635 1465 690 opprimant.
1512 634 1598 677 hoc
1644 635 1732 677 litis

1074 692 1316 747 periculum
1368 692 1611 734 subierunt.
1671 695 1733 741 Is,

1076 748 1149 804 qui
1196 756 1396 790 mortuus
1431 755 1520 797 est,
1553 763 1732 791 causam

1075 806 1230 846 mortis
1262 806 1359 860 ipse
1377 805 1513 851 dedit
1529 820 1617 847 non
1637 820 1732 861 ego.

1073 865 1114 904 ls
1143 861 1326 919 injurias
1359 875 1547 904 exorsus
1574 868 1618 903 et
1639 875 1733 904 suae

1075 920 1333 961 calamitatis
1390 929 1554 960 auctor
1587 918 1732 961 factus

1077 983 1146 1018 est-
1176 983 1220 1017 et
1249 989 1356 1018 meae
1379 975 1683 1017 accusationis.
1707 974 1734 1031 §

1083 1036 1114 1077 l.
1146 1033 1224 1076 ἐπὶ
1254 1033 1304 1077 τὸ
1326 1036 1576 1091 προσέχειν.
1607 1048 1737 1076 κακο-

224 1092 265 1128 11.
307 1089 419 1130 Illud
459 1103 622 1130 cavens
665 1104 749 1145 ego
781 1091 973 1132 criminis

311 1146 465 1188 insons
516 1146 781 1189 homicidam
827 1147 972 1204 injus

314 1205 482 1246 vocavi.
515 1204 584 1260 §5
616 1205 705 1246 init.
736 1203 972 1269 πρόθεσις.

224 1263 284 1302 111.
308 1260 417 1307 Vos
433 1261 623 1318 judices
646 1261 971 1304 accusationem

315 1319 504 1360 animum
536 1318 765 1361 advertite.
797 1318 880 1376 §5.
896 1317 974 1361 ἐπὶ

313 1374 364 1416 τὸ
396 1378 649 1431 προσέχειν
981 1360 988 1427 Ι

1074 1092 1212 1144 λογία.

226 1489 313 1521 τίαν
336 1490 481 1529 attinet,
520 1489 694 1524 defensor
717 1492 744 1534 β
768 1489 786 1534 §
814 1489 907 1523 6-7
935 1489 1107 1531 ostendit,
1144 1489 1414 1523 adolescentem
1439 1489 1507 1532 τῆς
1531 1485 1717 1532 ἆμαρτίας

227 1544 375 1579 liberum
415 1556 517 1586 esse,
554 1546 653 1593 quod
693 1547 738 1582 ad
764 1547 807 1581 τὸ
834 1543 1016 1582 ἀκουσίως
1042 1544 1273 1587 ἀποκτεῖναι,
1300 1546 1369 1580 hoc
1397 1555 1541 1592 quoque
1569 1542 1713 1577 crimine

229 1602 318 1637 liber
343 1614 427 1638 esse
454 1604 735 1670 demonstratur,
762 1605 806 1638 cf.
829 1603 897 1650 βξ
925 1604 946 1638 9
980 1600 1044 1638 ὅδε
1077 1601 1279 1638 ἀπολύεται
1319 1601 1438 1647 μηδὲ
1480 1600 1712 1636 ἀκουσίως

229 1656 509 1694 ἀποκτεῖναι
534 1659 686 1694 αὐτόν.
739 1660 847 1695 Unde
873 1668 1033 1707 apparet,
1069 1672 1179 1695 voces
1205 1658 1405 1704 ἀμφότερα
1426 1659 1541 1693 ταῦτα
1567 1657 1610 1691 ad
1637 1657 1712 1690 haec

232 1716 304 1751 duo
332 1719 400 1761 την
425 1716 613 1765 ἁμαρτίαν
636 1725 670 1753 et
696 1719 738 1752 τὸ
773 1715 954 1754 ἀκουσίως
988 1716 1207 1753 ἀποκτεῖναι
1229 1725 1405 1764 spectare.
1455 1718 1510 1751 Ac
1534 1714 1653 1750 verbis
1679 1706 1716 1747 εἶ

231 1775 300 1819 γὰρ
332 1771 351 1807 6
380 1776 470 1809 παῖς
496 1772 559 1808 διὰ
586 1776 630 1808 τὸ
664 1773 735 1808 ὑπὸ
759 1794 775 1802 -
797 1794 811 1802 ·
838 1794 854 1802 -
878 1773 950 1809 ἀλλ’
985 1773 1129 1820 ἀτρέμα
1166 1774 1325 1809 ἑπωτος
1362 1771 1551 1807 ἀπέθανεν
1579 1769 1598 1806 6
1623 1771 1714 1806 παῖς

231 1830 392 1864 ostendit
419 1839 611 1864 accusator
638 1830 683 1865 ad
709 1839 898 1877 uti-umque
924 1834 975 1872 (et
1002 1831 1271 1866 adolescentem
1291 1839 1324 1865 et
1345 1833 1509 1877 puerum)
1535 1827 1713 1874 pertinere

228 1888 272 1920 τὸ
298 1885 480 1923 ἀκουσίως
505 1886 745 1929 ἀποκτεῖναι,
773 1890 890 1924 verbis
918 1887 959 1930 ἐξ
986 1887 1131 1935 ἆμφοῖν
1148 1885 1187 1923 δὲ
1204 1888 1271 1923 τοῦ
1296 1886 1412 1934 φόνου
1437 1907 1452 1915 -
1475 1906 1491 1914 -
1513 1904 1529 1914 -
1555 1883 1714 1930 ἀζήμιος

234 1941 443 1990 ἀποφυγεῖν
467 1944 585 1989 ἐστινς
614 1953 789 1980 monstrat
816 1947 885 1989 τήν
913 1944 1100 1993 ἁμαρτίαν
1126 1958 1145 1981 a
1171 1952 1298 1980 neutro
1326 1945 1481 1979 amoveri
1506 1954 1631 1991 posse.

330 2000 352 2035 7
401 2000 483 2036 οὗθ’
518 1998 559 2036 οἱ
581 2001 867 2039 θανατώσαντες
903 2002 1002 2049 ἡμᾶς
1024 2005 1076 2048 μή
1106 1999 1316 2050 εἰργόμενοι
1352 2001 1427 2036 τῶν
1448 1996 1715 2048 προσηκόντων

236 2055 435 2104 εὗ’σεβοῒντ’
458 2058 503 2093 ἂν
526 2057 596 2094 ὑπὸ
621 2060 696 2094 τῶν
724 2058 987 2095 ἀπολυσάντων
1008 2063 1094 2097 τοὺς
1118 2059 1300 2096 ἀνοσίους.
1360 2059 1412 2094 De
1438 2059 1505 2092 hoc
1530 2057 1614 2092 loco
1640 2066 1714 2090 non

236 2116 325 2150 satis
364 2123 447 2163 apte
487 2117 658 2153 Maetzner
693 2118 950 2160 (commentar.
982 2131 1016 2165 p.
1042 2116 1125 2161 181)
1163 2117 1372 2164 disputavit.

236 2172 402 2207 videntur·
426 2186 510 2209 esse
535 2176 644 2210 verba
669 2187 735 2210 nec
760 2186 858 2210 recte
884 2177 1071 2223 explicata.
1123 2175 1201 2210 Hoc
1231 2175 1316 2209 dicit
1347 2181 1487 2207 orator:
1516 2171 1645 2218 Neque
1677 2170 1719 2212 ii,

237 2231 296 2276 qui
324 2242 392 2264 nos
418 2232 453 2272 (i.
479 2243 509 2265 e.
536 2232 641 2266 filium
669 2235 800 2273 meum)
826 2234 1097 2274 interfecerunt,
1135 2233 1167 2267 si
1198 2244 1270 2267 non
1296 2231 1379 2266 inde
1405 2236 1580 2270 arcentur,
1618 2229 1714 2263 unde

238 2298 303 2321 eos
332 2288 442 2322 arcet-i
469 2288 524 2322 fas
552 2297 627 2329 est,
663 2289 830 2335 religiose
868 2289 1044 2323 habentur
1081 2292 1162 2335 (pro
1189 2290 1315 2324 met-ito
1341 2288 1554 2329 tractantur)
1580 2286 1624 2321 ab
1650 2286 1716 2326 iis,

239 2345 297 2390 qui
327 2344 458 2391 impios
485 2346 694 2387 absolvant,
719 2346 738 2380 i.
765 2357 794 2380 e.
821 2357 841 2380 a
867 2346 988 2385 vobis,
1014 2345 1190 2391 siquidem
1223 2347 1351 2393 impios
1391 2345 1607 2386 absolvatis3
1643 2354 1715 2389 qua

239 2402 284 2436 de
310 2414 348 2436 re
375 2402 417 2437 cf.
446 2415 505 2445 ea,
531 2416 609 2451 quae
636 2404 897 2451 disputavimus
925 2403 969 2437 nd
997 2402 1040 2438 11.
1065 2406 1103 2448 β,
1131 2401 1163 2437 3.

333 2459 355 2493 8
406 2457 425 2493 6
452 2457 493 2495 δὲ
517 2462 687 2509 καθαρὸς
710 2463 776 2506 τῆς
802 2457 923 2496 αἰτίας
950 2458 1031 2502 [ὃς]
1059 2458 1124 2493 ἐὰν
1159 2456 1358 2506 διαφθαρῆ
1382 2457 1457 2493 κτλ.
1506 2459 1567 2493 Sic
1590 2457 1716 2492 Maetz-

239 2530 310 2552 ner.
362 2517 454 2552 Voc.
481 2516 529 2554 ὃς
554 2518 812 2566 sejungendam
841 2519 982 2554 censuit
1008 2517 1147 2559 Reisk.,
1183 2519 1284 2552 uncis
1322 2516 1464 2551 inclusit
1498 2515 1718 2564 nobsonus‚

239 2575 449 2611 deleverunt
475 2575 613 2612 Bekker
639 2583 675 2611 et
701 2577 933 2612 Tui-icenses.
982 2574 1062 2610 Jam
1088 2587 1156 2622 ego
1183 2575 1406 2622 conjeceram
1425 2571 1617 2620 legendum
1634 2582 1718 2607 esse

239 2631 258 2667 6
296 2630 336 2666 δὲ
376 2633 547 2680 καθαρὸς
579 2633 644 2677 τῆς
680 2629 801 2670 αἰτίας
827 2631 887 2668 ὢν
910 2631 976 2668 ἐὰν
999 2629 1074 2667 κτλ.
1099 2633 1154 2668 cll.
1179 2632 1243 2674 IV,
1268 2636 1304 2679 β,
1332 2632 1354 2666 7
1379 2627 1536 2676 καθαρῷ
1558 2628 1627 2675 μὲν
1647 2627 1718 2677 γάρ

238 2702 306 2734 μοι
330 2689 396 2733 τῆς
420 2685 543 2725 αἰτίας
580 2688 657 2725 ὄντι
683 2689 781 2732 κτλ.,
820 2703 927 2738 quum
955 2689 1023 2724 vidi
1051 2701 1071 2724 a
1096 2689 1228 2725 carolo
1255 2689 1453 2728 Scheibeo,
1484 2687 1605 2721 critico
1631 2687 1720 2729 viro,

1429 2115 1506 2150 Nec
1546 2118 1714 2160 corrupta
