1938 3153
330 184 386 226 82

359 298 466 339 Haec
512 310 617 353 pars
664 297 878 338 orationis
925 295 968 352 (§
998 296 1185 348 35-40)
1217 295 1559 355 προκαταλήψει
1591 294 1745 338 similis

356 372 425 406 est
472 364 531 413 ei,
578 379 708 420 quam
741 364 1035 407 Anaximenes
1068 364 1217 406 tribuit
1249 365 1493 407 concionali
1524 363 1671 421 generi
1702 378 1746 419 p.

355 432 452 481 222,
489 433 541 475 14
573 447 671 489 sqq.

325 500 594 554 ἐπίλογος.
627 501 653 557 §
684 502 869 543 41—42.

268 570 296 611 1.
359 567 616 626 α’νάμνησις.
648 573 670 621 §
700 570 767 611 41.

268 639 318 679 11.
352 630 402 679 εὖ
433 638 694 678 διαθέσθαι.
728 637 753 692 §
785 637 852 679 42.

379 705 556 754 Restat,
590 713 637 747 ut
668 705 723 747 ad
758 720 871 755 eam,
905 720 1033 761 quam
1067 705 1236 747 tertiam
1267 704 1395 746 nobis
1413 703 1742 760 proposuimus,

265 774 320 815 de
353 788 438 830 qua
473 773 822 829 disputaremus,
863 774 1241 816 commentationis
1272 781 1437 815 nostrae
1469 781 1636 828 partem
1670 787 1742 814 ve-

264 843 454 890 niamus,
486 842 900 891 transitionem,
931 843 974 884 in
1007 857 1093 898 qua
1125 857 1212 884 non
1236 855 1372 898 parva
1388 841 1578 883 cernit-ur
1595 855 1740 883 rerum

264 910 641 966 disponendarum
689 912 765 952 vis.
829 910 927 963 Qua
975 910 1030 953 de
1074 925 1121 952 re
1165 909 1424 952 Cornificius
1456 908 1513 951 ad
1546 909 1736 951 Herenn.

260 978 337 1028 IV,
385 978 450 1028 26,
497 979 573 1027 35,
657 978 946 1020 ”transitio
978 978 1289 1033 —inquit—
1323 983 1577 1027 vocatur,
1624 991 1739 1033 quae

260 1060 418 1100 quum
452 1047 706 1088 ostendit
738 1048 1004 1095 breviter,
1036 1046 1167 1102 quid
1200 1045 1403 1087 dictum
1427 1045 1737 1100 sit‚propo-

259 1114 338 1155 nit
369 1114 494 1155 item
529 1114 701 1163 brevi,
735 1114 864 1170 quid
898 1114 1201 1170 sequatur’'.
1262 1113 1371 1155 Rem
1401 1113 1544 1168 ipsam
1575 1112 1737 1154 Anaxi-

258 1196 427 1231 menes,
458 1188 508 1223 ut
537 1182 672 1231 solet,
703 1189 945 1238 pertractat
977 1189 1020 1224 et
1050 1182 1466 1238 explanat‚nomine
1483 1196 1571 1224 non
1588 1180 1740 1238 appel-

257 1250 339 1297 lat,
385 1256 434 1291 ut
479 1265 521 1305 p.
568 1249 664 1297 221,
710 1250 765 1292 24
811 1264 908 1306 sqq
940 1249 1017 1292 ἐὰν
1047 1250 1129 1304 μὲν
1157 1249 1329 1306 μακρὸν
1358 1242 1386 1307 ᾗ
1417 1249 1467 1291 τὸ
1496 1252 1630 1307 μέρος
1660 1247 1733 1291 καὶ

257 1316 525 1372 βουλώμεθα
556 1317 934 1375 μνημονεύεσθαι,
951 1316 1733 1375 συντόμωςπαλιλλογήσομεν·

255 1384 333 1427 ἐὰν
370 1383 417 1427 δὲ
446 1388 625 1442 μέτριον
655 1387 681 1443 ᾗ
714 1384 788 1427 καὶ
817 1385 1159 1444 μνημονεύηται,
1190 1383 1318 1428 αυτό
1348 1385 1407 1427 τὸ
1436 1388 1598 1442 μέρος
1630 1383 1734 1442 ὄρι-

254 1452 481 1506 σάμενοι
525 1453 663 1495 πάλιν
713 1453 864 1509 ἕτερον
912 1454 1341 1511 προθησόμεθα,
1373 1469 1413 1509 p.
1446 1453 1543 1503 222,
1582 1455 1733 1508 lsqq.

253 1519 332 1564 ἐπὶ
375 1522 431 1579 τῇ
474 1521 654 1579 τελευτῇ
689 1522 769 1563 τοῦ
797 1523 958 1578 μέρους
988 1517 1018 1580 ἢ
1046 1521 1406 1575 παλιλλογίαν
1435 1517 1465 1580 ἢ
1496 1519 1730 1578 ὁρισμὸν

251 1589 433 1638 ἐπιθεὶς
461 1589 599 1632 πάλιν
630 1590 781 1647 ἕτερον
812 1585 840 1632 ὅ
867 1605 909 1631 τι
940 1604 993 1632 αν
1022 1587 1201 1648 ὑπάρχῃ
1217 1591 1493 1647 προτίθει.
1523 1588 1731 1647 ΙΙΙίὃρισ·

251 1659 320 1712 μῷ
379 1659 404 1699 i.
452 1672 488 1699 e.
550 1658 823 1700 conclusioni
874 1659 1031 1713 (partis
1077 1658 1280 1714 alicujus)
1326 1672 1483 1699 nomen
1549 1671 1728 1714 quoque

252 1726 547 1767 Anaximenes
584 1725 743 1767 indidit
773 1728 958 1781 πέρας,
988 1731 1037 1766 ut
1067 1740 1108 1780 p.
1140 1724 1237 1773 222,
1274 1726 1320 1767 11
1354 1724 1434 1782 τὴν
1464 1724 1731 1783 προτροπὴν

250 1794 448 1848 πέρατι
496 1787 692 1848 ὅρισαι.
754 1792 820 1833 De
870 1792 1127 1833 transitione
1174 1791 1279 1833 dicit
1324 1806 1364 1847 p.
1412 1791 1509 1841 227,
1541 1792 1595 1834 23
1628 1807 1726 1848 sqq.

249 1856 280 1918 ἢ
309 1858 812 1917 παλιλλογήσαντες
842 1858 1067 1913 συντόμως
1095 1857 1148 1901 τὰ
1179 1861 1478 1917 προειρημένα
1509 1855 1539 1918 ἦ
1569 1862 1727 1917 πέρα-

248 1944 298 1970 τι
328 1927 385 1970 τὸ
416 1930 577 1984 μέρος
605 1926 919 1969 τελευταῖον
950 1925 1294 1984 ὁρισάμενοι,
1324 1927 1461 1970 πάλιν
1492 1924 1521 1970 ἃ
1542 1928 1726 1985 διεπρά-

364 2064 516 2106 Altera
548 2065 751 2120 quaedam
784 2065 985 2107 transitio
1017 2065 1073 2106 ab
1105 2065 1374 2106 Anaximene
1397 2064 1725 2120 significaturp.

247 2132 343 2181 223,
375 2133 431 2174 30
463 2146 562 2189 sqq.
592 2132 703 2186 μετὰ
733 2132 780 2175 δὲ
810 2131 863 2174 τᾶ
894 2133 1112 2189 προοίμια
1139 2130 1330 2186 μάλιστα
1358 2130 1439 2185 μὲν
1460 2131 1621 2173 ἕκαστα
1640 2132 1728 2173 τῶν

244 2203 580 2258 προειρημένων
625 2199 731 2244 καθ’
760 2201 808 2243 ἓν
839 2200 1024 2243 ἕκαστον
1053 2202 1382 2257 προτιθέμενον
1412 2198 1722 2243 ἐπιδεικνύειν.

247 2268 356 2310 Haec
388 2270 590 2310 transitio
621 2276 709 2318 est,
741 2283 874 2325 quum
906 2269 1000 2310 sine
1030 2268 1122 2310 ulla
1151 2268 1513 2324 recapitulatione
1531 2268 1602 2311 vel
1618 2282 1722 2311 con-

247 2336 446 2378 clusione
480 2337 691 2378 transitus
725 2336 822 2378 sola
855 2337 1160 2392 propositione
1193 2335 1389 2378 efficitur.

364 2404 469 2446 Haeo
501 2405 808 2446 transitionum
840 2418 1000 2460 genera
1032 2403 1121 2445 duo
1154 2402 1320 2458 duplici
1350 2403 1393 2445 in
1414 2404 1583 2447 ratione
1605 2411 1723 2447 sunt..

243 2472 335 2514 Aut
380 2487 431 2514 ea
476 2473 587 2515 enim
633 2472 945 2529 praemuniunt,
991 2471 1152 2528 quibus
1183 2471 1295 2514 inter
1326 2471 1538 2514 orationis
1568 2479 1720 2528 partes

242 2540 455 2582 transitur
486 2542 696 2597 majores,
729 2555 830 2597 quae
852 2546 956 2582 sunt
975 2540 1234 2597 προοίμιον,
1254 2536 1519 2593 ἀπαγγελία,
1540 2540 1722 2594 βεβαίω-

241 2619 329 2659 σις,
360 2608 722 2666 προκατάληψις,
756 2607 983 2661 ἐπίλογος,
1014 2615 1089 2650 aut
1135 2622 1203 2656 ea,
1244 2608 1404 2664 quibus
1435 2608 1549 2649 inter
1579 2606 1716 2650 mino-

239 2689 333 2726 τοῦ,
380 2689 480 2733 quae
532 2684 635 2718 sunt
664 2676 706 2718 in
739 2675 967 2732 prooemio
997 2674 1239 2732 πρόθεσις,
1269 2674 1348 2718 ἐπὶ
1378 2673 1427 2716 τὸ
1459 2677 1719 2732 προσέχειν,

241 2751 320 2789 eet.
341 2777 350 2793 ‚
381 2745 423 2786 in
455 2742 688 2800 βεβαιώσει
719 2744 904 2801 singulte
936 2743 1128 2795 πίστεις,
1160 2751 1242 2785 cet.
