<?xml version="1.0" encoding="UTF-8"?>
<!DOCTYPE html PUBLIC "-//W3C//DTD XHTML 1.0 Transitional//EN"
    "http://www.w3.org/TR/xhtml1/DTD/xhtml1-transitional.dtd">
<html xmlns="http://www.w3.org/1999/xhtml" xml:lang="en" lang="en">
 <head>
  <title>
</title>
<meta http-equiv="Content-Type" content="text/html;charset=utf-8" />
  <meta name='ocr-system' content='tesseract 3.04.00' />
  <meta name='ocr-capabilities' content='ocr_page ocr_carea ocr_par ocr_line ocrx_word'/>
</head>
<body>
  <div class='ocr_page' id='page_1' title='image "./4626091_0067.png"; bbox 0 0 1938 3153; ppageno 0'>
   <div class='ocr_carea' id='block_1_1' title="bbox 1567 150 1622 193">
    <p class='ocr_par' dir='ltr' id='par_1_1' title="bbox 1567 150 1622 193">
     <span class='ocr_line' id='line_1_1' title="bbox 1567 150 1622 193; baseline -0.018 0"><span class='ocrx_word' id='word_1_1' title='bbox 1567 150 1622 193; x_wconf 89' lang='lat'>55</span> 
     </span>
    </p>
   </div>
   <div class='ocr_carea' id='block_1_2' title="bbox 239 266 1684 802">
    <p class='ocr_par' dir='ltr' id='par_1_2' title="bbox 266 266 1295 327">
     <span class='ocr_line' id='line_1_2' title="bbox 266 266 1295 327; baseline -0.004 -15"><span class='ocrx_word' id='word_1_2' title='bbox 266 268 309 326; x_wconf 76' lang='lat' dir='ltr'>b)</span> <span class='ocrx_word' id='word_1_3' title='bbox 340 266 558 310; x_wconf 82' lang='lat' dir='ltr'>adversus</span> <span class='ocrx_word' id='word_1_4' title='bbox 589 267 622 323; x_wconf 82' lang='lat'>³)</span> <span class='ocrx_word' id='word_1_5' title='bbox 655 268 707 327; x_wconf 79' lang='lat' dir='ltr'>b).</span> <span class='ocrx_word' id='word_1_6' title='bbox 740 268 766 325; x_wconf 85' lang='lat'>§</span> <span class='ocrx_word' id='word_1_7' title='bbox 796 267 906 311; x_wconf 81' lang='lat'><strong>45²⁸</strong></span> <span class='ocrx_word' id='word_1_8' title='bbox 928 292 984 300; x_wconf 79' lang='lat'>--</span> <span class='ocrx_word' id='word_1_9' title='bbox 1005 269 1224 324; x_wconf 84' lang='grc' dir='ltr'><em>(σημεῖον)</em></span> <span class='ocrx_word' id='word_1_10' title='bbox 1252 292 1295 299; x_wconf 88' lang='grc'>-</span> 
     </span>
    </p>

    <p class='ocr_par' dir='ltr' id='par_1_3' title="bbox 263 334 1030 395">
     <span class='ocr_line' id='line_1_3' title="bbox 263 334 1030 395; baseline -0.004 -15"><span class='ocrx_word' id='word_1_11' title='bbox 263 338 306 395; x_wconf 82' lang='lat' dir='ltr'>c)</span> <span class='ocrx_word' id='word_1_12' title='bbox 338 335 554 379; x_wconf 82' lang='lat' dir='ltr'>adversus</span> <span class='ocrx_word' id='word_1_13' title='bbox 587 336 620 391; x_wconf 82' lang='lat'>¹)</span> <span class='ocrx_word' id='word_1_14' title='bbox 653 337 704 395; x_wconf 81' lang='lat' dir='ltr'>c).</span> <span class='ocrx_word' id='word_1_15' title='bbox 735 336 761 393; x_wconf 82' lang='lat'>§</span> <span class='ocrx_word' id='word_1_16' title='bbox 792 335 964 378; x_wconf 77' lang='grc'><strong>46-48</strong></span> <span class='ocrx_word' id='word_1_17' title='bbox 980 334 1030 377; x_wconf 74' lang='lat'>²⁹.</span> 
     </span>
    </p>

    <p class='ocr_par' dir='ltr' id='par_1_4' title="bbox 239 401 1684 520">
     <span class='ocr_line' id='line_1_4' title="bbox 239 401 1684 461; baseline -0.003 -13"><span class='ocrx_word' id='word_1_18' title='bbox 239 405 286 448; x_wconf 86' lang='lat' dir='ltr'>C.</span> <span class='ocrx_word' id='word_1_19' title='bbox 313 404 362 447; x_wconf 78' lang='grc' dir='ltr'>ἐκ</span> <span class='ocrx_word' id='word_1_20' title='bbox 390 410 486 448; x_wconf 99' lang='grc' dir='ltr'><em>τοῖν</em></span> <span class='ocrx_word' id='word_1_21' title='bbox 514 404 664 459; x_wconf 76' lang='grc' dir='ltr'><em>λόγοιν</em></span> <span class='ocrx_word' id='word_1_22' title='bbox 692 410 788 448; x_wconf 83' lang='grc' dir='ltr'><em>τοῖν</em></span> <span class='ocrx_word' id='word_1_23' title='bbox 816 401 995 461; x_wconf 77' lang='grc' dir='ltr'><em>ἀνδροῖν</em></span> <span class='ocrx_word' id='word_1_24' title='bbox 1024 405 1248 460; x_wconf 80' lang='grc' dir='ltr'><em>ἑκατέροιν</em></span> <span class='ocrx_word' id='word_1_25' title='bbox 1278 408 1373 444; x_wconf 81' lang='grc' dir='ltr'><em>τοῖν</em></span> <span class='ocrx_word' id='word_1_26' title='bbox 1392 403 1684 457; x_wconf 73' lang='grc' dir='ltr'><em>βασανισθέν-</em></span> 
     </span>
     <span class='ocr_line' id='line_1_5' title="bbox 296 471 1018 520; baseline -0.003 -5"><span class='ocrx_word' id='word_1_27' title='bbox 296 487 389 517; x_wconf 75' lang='grc' dir='ltr'><em>τοιν</em></span> <span class='ocrx_word' id='word_1_28' title='bbox 417 473 468 515; x_wconf 84' lang='grc' dir='ltr'>τὸ</span> <span class='ocrx_word' id='word_1_29' title='bbox 496 474 671 516; x_wconf 78' lang='grc' dir='ltr'><em>δίκαιον</em></span> <span class='ocrx_word' id='word_1_30' title='bbox 700 472 774 516; x_wconf 77' lang='grc' dir='ltr'>καὶ</span> <span class='ocrx_word' id='word_1_31' title='bbox 802 472 854 515; x_wconf 83' lang='grc' dir='ltr'>τὸ</span> <span class='ocrx_word' id='word_1_32' title='bbox 885 471 1018 520; x_wconf 81' lang='grc' dir='ltr'><em>εἰκός,</em></span> 
     </span>
    </p>

    <p class='ocr_par' dir='ltr' id='par_1_5' title="bbox 270 537 1682 652">
     <span class='ocr_line' id='line_1_6' title="bbox 270 537 1682 599; baseline -0.004 -15"><span class='ocrx_word' id='word_1_33' title='bbox 270 541 318 599; x_wconf 84' lang='lat' dir='ltr'>a)</span> <span class='ocrx_word' id='word_1_34' title='bbox 345 542 565 598; x_wconf 82' lang='lat' dir='ltr'>Ingenuus</span> <span class='ocrx_word' id='word_1_35' title='bbox 612 556 743 582; x_wconf 87' lang='lat' dir='ltr'>servo</span> <span class='ocrx_word' id='word_1_36' title='bbox 775 541 949 596; x_wconf 81' lang='lat' dir='ltr'>dignior</span> <span class='ocrx_word' id='word_1_37' title='bbox 981 545 1067 586; x_wconf 79' lang='lat' dir='ltr'>est,</span> <span class='ocrx_word' id='word_1_38' title='bbox 1098 541 1166 582; x_wconf 87' lang='lat' dir='ltr'>cui</span> <span class='ocrx_word' id='word_1_39' title='bbox 1200 539 1311 581; x_wconf 83' lang='lat' dir='ltr'>fides</span> <span class='ocrx_word' id='word_1_40' title='bbox 1346 538 1560 580; x_wconf 81' lang='lat' dir='ltr'>habeatur</span> <span class='ocrx_word' id='word_1_41' title='bbox 1576 538 1624 579; x_wconf 79' lang='lat'>³⁰.</span> <span class='ocrx_word' id='word_1_42' title='bbox 1656 537 1682 592; x_wconf 79' lang='lat'>§</span> 
     </span>
     <span class='ocr_line' id='line_1_7' title="bbox 300 609 481 652; baseline -0.006 0"><span class='ocrx_word' id='word_1_43' title='bbox 300 609 481 652; x_wconf 82' lang='lat'>49—50.</span> 
     </span>
    </p>

    <p class='ocr_par' dir='ltr' id='par_1_6' title="bbox 264 675 1680 802">
     <span class='ocr_line' id='line_1_8' title="bbox 264 675 1680 736; baseline -0.002 -18"><span class='ocrx_word' id='word_1_44' title='bbox 264 677 308 736; x_wconf 74' lang='lat' dir='ltr'>b)</span> <span class='ocrx_word' id='word_1_45' title='bbox 339 677 584 719; x_wconf 76' lang='lat' dir='ltr'>testimonia</span> <span class='ocrx_word' id='word_1_46' title='bbox 629 677 804 731; x_wconf 84' lang='lat' dir='ltr'>utrique</span> <span class='ocrx_word' id='word_1_47' title='bbox 850 683 895 717; x_wconf 80' lang='lat' dir='ltr'>et</span> <span class='ocrx_word' id='word_1_48' title='bbox 939 676 1186 717; x_wconf 79' lang='lat' dir='ltr'>accusatori</span> <span class='ocrx_word' id='word_1_49' title='bbox 1225 682 1268 717; x_wconf 86' lang='lat' dir='ltr'>et</span> <span class='ocrx_word' id='word_1_50' title='bbox 1314 690 1391 717; x_wconf 88' lang='lat' dir='ltr'>reo</span> <span class='ocrx_word' id='word_1_51' title='bbox 1437 675 1603 730; x_wconf 77' lang='lat' dir='ltr'>pariter</span> <span class='ocrx_word' id='word_1_52' title='bbox 1636 689 1680 715; x_wconf 82' lang='lat' dir='ltr'>a·</span> 
     </span>
     <span class='ocr_line' id='line_1_9' title="bbox 294 744 780 802; baseline -0.002 -14"><span class='ocrx_word' id='word_1_53' title='bbox 294 746 559 802; x_wconf 81' lang='lat' dir='ltr'>stipulantur</span> <span class='ocrx_word' id='word_1_54' title='bbox 576 744 624 787; x_wconf 78' lang='lat'>³¹.</span> <span class='ocrx_word' id='word_1_55' title='bbox 656 744 682 802; x_wconf 83' lang='lat'>§</span> <span class='ocrx_word' id='word_1_56' title='bbox 715 746 780 787; x_wconf 86' lang='lat'>51.</span> 
     </span>
    </p>
   </div>
   <div class='ocr_carea' id='block_1_3' title="bbox 211 827 472 835">
    <p class='ocr_par' dir='ltr' id='par_1_7' title="bbox 211 827 472 835">
     <span class='ocr_line' id='line_1_10' title="bbox 211 827 472 835; baseline 0 2318"><span class='ocrx_word' id='word_1_57' title='bbox 211 827 472 835; x_wconf 95' lang='lat' dir='ltr'> </span> 
     </span>
    </p>
   </div>
   <div class='ocr_carea' id='block_1_4' title="bbox 176 854 1677 2733">
    <p class='ocr_par' dir='ltr' id='par_1_8' title="bbox 201 854 1677 1014">
     <span class='ocr_line' id='line_1_11' title="bbox 298 854 1675 904; baseline -0.003 -10"><span class='ocrx_word' id='word_1_58' title='bbox 298 858 343 894; x_wconf 78' lang='lat'>28</span> <span class='ocrx_word' id='word_1_59' title='bbox 389 859 414 901; x_wconf 64' lang='lat' dir='ltr'>S</span> <span class='ocrx_word' id='word_1_60' title='bbox 439 858 484 893; x_wconf 79' lang='lat'>45</span> <span class='ocrx_word' id='word_1_61' title='bbox 507 857 533 892; x_wconf 69' lang='grc' dir='ltr'>ἃ</span> <span class='ocrx_word' id='word_1_62' title='bbox 557 857 642 893; x_wconf 78' lang='grc' dir='ltr'><em>οὐδὲ</em></span> <span class='ocrx_word' id='word_1_63' title='bbox 668 856 754 904; x_wconf 77' lang='grc' dir='ltr'><em>μεθ’</em></span> <span class='ocrx_word' id='word_1_64' title='bbox 774 855 919 904; x_wconf 73' lang='grc' dir='ltr'><em>ἡμέραν</em></span> <span class='ocrx_word' id='word_1_65' title='bbox 940 869 997 893; x_wconf 85' lang='grc' dir='ltr'>τις</span> <span class='ocrx_word' id='word_1_66' title='bbox 1015 854 1094 893; x_wconf 82' lang='grc' dir='ltr'><em>οἷός</em></span> <span class='ocrx_word' id='word_1_67' title='bbox 1108 855 1138 891; x_wconf 80' lang='grc' dir='ltr'>τ’</span> <span class='ocrx_word' id='word_1_68' title='bbox 1154 855 1309 903; x_wconf 72' lang='grc' dir='ltr'><em>ἐγένετο.</em></span> <span class='ocrx_word' id='word_1_69' title='bbox 1337 856 1527 890; x_wconf 83' lang='lat' dir='ltr'>Dobreens</span> <span class='ocrx_word' id='word_1_70' title='bbox 1548 854 1675 902; x_wconf 76' lang='grc' dir='ltr'><em>ἐγένετ’</em></span> 
     </span>
     <span class='ocr_line' id='line_1_12' title="bbox 201 911 1677 963; baseline -0.003 -12"><span class='ocrx_word' id='word_1_71' title='bbox 201 911 261 951; x_wconf 70' lang='grc' dir='ltr'>ἄν.</span> <span class='ocrx_word' id='word_1_72' title='bbox 306 917 427 951; x_wconf 77' lang='lat' dir='ltr'>Baiter</span> <span class='ocrx_word' id='word_1_73' title='bbox 450 913 594 962; x_wconf 78' lang='grc' dir='ltr'><em>ἡμέραν</em></span> <span class='ocrx_word' id='word_1_74' title='bbox 611 912 672 950; x_wconf 74' lang='grc' dir='ltr'>ἄν.</span> <span class='ocrx_word' id='word_1_75' title='bbox 711 915 1036 963; x_wconf 73' lang='lat' dir='ltr'>Supervacaneum,</span> <span class='ocrx_word' id='word_1_76' title='bbox 1085 913 1139 948; x_wconf 76' lang='lat' dir='ltr'>Cf.</span> <span class='ocrx_word' id='word_1_77' title='bbox 1164 915 1188 957; x_wconf 56' lang='grc' dir='ltr'><strong>δ</strong></span> <span class='ocrx_word' id='word_1_78' title='bbox 1213 914 1270 949; x_wconf 82' lang='grc'>54.</span> <span class='ocrx_word' id='word_1_79' title='bbox 1295 913 1351 947; x_wconf 80' lang='grc'>92.</span> <span class='ocrx_word' id='word_1_80' title='bbox 1376 912 1439 954; x_wconf 84' lang='lat' dir='ltr'>VI,</span> <span class='ocrx_word' id='word_1_81' title='bbox 1465 913 1519 947; x_wconf 87' lang='lat'>30.</span> <span class='ocrx_word' id='word_1_82' title='bbox 1544 912 1677 960; x_wconf 82' lang='lat' dir='ltr'>Krueg.</span> 
     </span>
     <span class='ocr_line' id='line_1_13' title="bbox 203 972 633 1014; baseline -0.005 -6"><span class='ocrx_word' id='word_1_83' title='bbox 203 972 265 1008; x_wconf 79' lang='lat' dir='ltr'>Gr.</span> <span class='ocrx_word' id='word_1_84' title='bbox 290 973 352 1007; x_wconf 82' lang='lat' dir='ltr'>Gr.</span> <span class='ocrx_word' id='word_1_85' title='bbox 379 974 410 1014; x_wconf 88' lang='lat'>1,</span> <span class='ocrx_word' id='word_1_86' title='bbox 438 974 494 1014; x_wconf 79' lang='lat'>54,</span> <span class='ocrx_word' id='word_1_87' title='bbox 520 973 575 1013; x_wconf 78' lang='lat'>14,</span> <span class='ocrx_word' id='word_1_88' title='bbox 602 974 633 1006; x_wconf 84' lang='lat'>3.</span> 
     </span>
    </p>

    <p class='ocr_par' dir='ltr' id='par_1_9' title="bbox 193 1024 1675 1518">
     <span class='ocr_line' id='line_1_14' title="bbox 297 1024 1671 1076; baseline -0.004 -12"><span class='ocrx_word' id='word_1_89' title='bbox 297 1030 342 1064; x_wconf 79' lang='lat'>29</span> <span class='ocrx_word' id='word_1_90' title='bbox 392 1029 410 1076; x_wconf 67' lang='grc' dir='ltr'>ξ</span> <span class='ocrx_word' id='word_1_91' title='bbox 436 1028 481 1063; x_wconf 90' lang='grc'>46</span> <span class='ocrx_word' id='word_1_92' title='bbox 505 1030 570 1063; x_wconf 82' lang='grc' dir='ltr'>τὸν</span> <span class='ocrx_word' id='word_1_93' title='bbox 596 1030 760 1074; x_wconf 76' lang='grc' dir='ltr'><em>μηνυτὴν</em></span> <span class='ocrx_word' id='word_1_94' title='bbox 783 1026 1001 1063; x_wconf 65' lang='grc' dir='ltr'><em>ἀπέκτειναν</em></span> <span class='ocrx_word' id='word_1_95' title='bbox 1032 1031 1094 1062; x_wconf 74' lang='grc' dir='ltr'>καὶ</span> <span class='ocrx_word' id='word_1_96' title='bbox 1131 1024 1425 1061; x_wconf 76' lang='grc' dir='ltr'><em>ὃιετείναντσ</em></span> <span class='ocrx_word' id='word_1_97' title='bbox 1455 1025 1593 1061; x_wconf 73' lang='grc' dir='ltr'><em>αὐτὸν</em></span> <span class='ocrx_word' id='word_1_98' title='bbox 1613 1028 1671 1071; x_wconf 81' lang='grc' dir='ltr'>μῆ</span> 
     </span>
     <span class='ocr_line' id='line_1_15' title="bbox 201 1081 1675 1133; baseline -0.003 -12"><span class='ocrx_word' id='word_1_99' title='bbox 201 1082 384 1121; x_wconf 74' lang='grc' dir='ltr'><em>εἰσελθεῖν</em></span> <span class='ocrx_word' id='word_1_100' title='bbox 408 1083 461 1122; x_wconf 80' lang='grc' dir='ltr'>εἰς</span> <span class='ocrx_word' id='word_1_101' title='bbox 484 1083 577 1130; x_wconf 75' lang='grc' dir='ltr'>ὗμᾶς</span> <span class='ocrx_word' id='word_1_102' title='bbox 600 1105 616 1113; x_wconf 82' lang='grc'><em>·</em></span> <span class='ocrx_word' id='word_1_103' title='bbox 638 1105 654 1113; x_wconf 96' lang='grc'>-</span> <span class='ocrx_word' id='word_1_104' title='bbox 678 1087 887 1133; x_wconf 79' lang='lat' dir='ltr'>Harpocrat.</span> <span class='ocrx_word' id='word_1_105' title='bbox 903 1098 931 1120; x_wconf 90' lang='lat' dir='ltr'>s.</span> <span class='ocrx_word' id='word_1_106' title='bbox 949 1099 980 1121; x_wconf 87' lang='lat' dir='ltr'>v.</span> <span class='ocrx_word' id='word_1_107' title='bbox 1003 1083 1250 1119; x_wconf 79' lang='grc' dir='ltr'><em>ὃιετείναντο·</em></span> <span class='ocrx_word' id='word_1_108' title='bbox 1276 1082 1379 1118; x_wconf 84' lang='grc' dir='ltr'><em>”άντι</em></span> <span class='ocrx_word' id='word_1_109' title='bbox 1404 1083 1469 1118; x_wconf 83' lang='grc' dir='ltr'>τοῦ</span> <span class='ocrx_word' id='word_1_110' title='bbox 1494 1081 1572 1118; x_wconf 80' lang='grc' dir='ltr'>διὰ</span> <span class='ocrx_word' id='word_1_111' title='bbox 1597 1096 1675 1117; x_wconf 84' lang='grc' dir='ltr'><em>συν-</em></span> 
     </span>
     <span class='ocr_line' id='line_1_16' title="bbox 199 1140 1673 1189; baseline -0.001 -13"><span class='ocrx_word' id='word_1_112' title='bbox 199 1140 309 1177; x_wconf 87' lang='grc' dir='ltr'><em>τόνου</em></span> <span class='ocrx_word' id='word_1_113' title='bbox 334 1140 496 1187; x_wconf 78' lang='grc' dir='ltr'><em>σπουδῆς</em></span> <span class='ocrx_word' id='word_1_114' title='bbox 521 1141 818 1188; x_wconf 80' lang='grc' dir='ltr'><em>ἀπηρνήσαντο.”</em></span> <span class='ocrx_word' id='word_1_115' title='bbox 868 1144 1041 1189; x_wconf 82' lang='lat' dir='ltr'>Apertum</span> <span class='ocrx_word' id='word_1_116' title='bbox 1065 1149 1142 1183; x_wconf 83' lang='lat' dir='ltr'>est,</span> <span class='ocrx_word' id='word_1_117' title='bbox 1166 1142 1257 1175; x_wconf 88' lang='lat' dir='ltr'>hanc</span> <span class='ocrx_word' id='word_1_118' title='bbox 1282 1142 1611 1186; x_wconf 75' lang='lat' dir='ltr'>interpretationem</span> <span class='ocrx_word' id='word_1_119' title='bbox 1639 1143 1673 1175; x_wconf 91' lang='lat' dir='ltr'>in</span> 
     </span>
     <span class='ocr_line' id='line_1_17' title="bbox 199 1195 1672 1246; baseline -0.003 -12"><span class='ocrx_word' id='word_1_120' title='bbox 199 1200 294 1234; x_wconf 85' lang='lat' dir='ltr'>hunc</span> <span class='ocrx_word' id='word_1_121' title='bbox 319 1200 437 1234; x_wconf 87' lang='lat' dir='ltr'>locum</span> <span class='ocrx_word' id='word_1_122' title='bbox 463 1212 534 1234; x_wconf 88' lang='lat' dir='ltr'>non</span> <span class='ocrx_word' id='word_1_123' title='bbox 561 1212 768 1246; x_wconf 83' lang='lat' dir='ltr'>congruere.</span> <span class='ocrx_word' id='word_1_124' title='bbox 825 1199 1001 1244; x_wconf 83' lang='lat' dir='ltr'>Conjiciat</span> <span class='ocrx_word' id='word_1_125' title='bbox 1033 1199 1158 1244; x_wconf 79' lang='lat' dir='ltr'>aliquis</span> <span class='ocrx_word' id='word_1_126' title='bbox 1184 1198 1344 1232; x_wconf 78' lang='lat' dir='ltr'>fortasse</span> <span class='ocrx_word' id='word_1_127' title='bbox 1369 1210 1434 1244; x_wconf 86' lang='lat' dir='ltr'>pro</span> <span class='ocrx_word' id='word_1_128' title='bbox 1458 1195 1672 1244; x_wconf 77' lang='grc' dir='ltr'><em>ἀπηρνή·</em></span> 
     </span>
     <span class='ocr_line' id='line_1_18' title="bbox 198 1254 1669 1304; baseline -0.001 -15"><span class='ocrx_word' id='word_1_129' title='bbox 198 1267 335 1289; x_wconf 80' lang='grc' dir='ltr'><em>σαντσ</em></span> <span class='ocrx_word' id='word_1_130' title='bbox 362 1256 466 1290; x_wconf 84' lang='lat' dir='ltr'>scribi</span> <span class='ocrx_word' id='word_1_131' title='bbox 494 1263 663 1303; x_wconf 78' lang='lat' dir='ltr'>oportere</span> <span class='ocrx_word' id='word_1_132' title='bbox 689 1254 943 1304; x_wconf 76' lang='grc' dir='ltr'><em>άπῄραντο.</em></span> <span class='ocrx_word' id='word_1_133' title='bbox 994 1255 1114 1301; x_wconf 78' lang='lat' dir='ltr'>Atque</span> <span class='ocrx_word' id='word_1_134' title='bbox 1140 1256 1195 1289; x_wconf 81' lang='lat' dir='ltr'>hic</span> <span class='ocrx_word' id='word_1_135' title='bbox 1231 1256 1310 1300; x_wconf 87' lang='lat' dir='ltr'>ipse</span> <span class='ocrx_word' id='word_1_136' title='bbox 1347 1255 1538 1288; x_wconf 83' lang='lat' dir='ltr'>verborum</span> <span class='ocrx_word' id='word_1_137' title='bbox 1577 1254 1669 1288; x_wconf 89' lang='lat' dir='ltr'>ordo</span> 
     </span>
     <span class='ocr_line' id='line_1_19' title="bbox 194 1308 1671 1357; baseline -0.001 -11"><span class='ocrx_word' id='word_1_138' title='bbox 194 1308 419 1347; x_wconf 73' lang='grc' dir='ltr'><em>διετείναντο</em></span> <span class='ocrx_word' id='word_1_139' title='bbox 446 1311 556 1347; x_wconf 77' lang='grc' dir='ltr'><em>αὐτὸν</em></span> <span class='ocrx_word' id='word_1_140' title='bbox 582 1314 633 1357; x_wconf 80' lang='grc' dir='ltr'>μὴ</span> <span class='ocrx_word' id='word_1_141' title='bbox 661 1308 841 1348; x_wconf 76' lang='grc' dir='ltr'><em>εἵςελθεῖν</em></span> <span class='ocrx_word' id='word_1_142' title='bbox 877 1312 1023 1352; x_wconf 80' lang='lat' dir='ltr'>suadet,</span> <span class='ocrx_word' id='word_1_143' title='bbox 1060 1319 1100 1345; x_wconf 85' lang='lat' dir='ltr'>ut</span> <span class='ocrx_word' id='word_1_144' title='bbox 1141 1309 1251 1345; x_wconf 75' lang='grc' dir='ltr'><em>αὐτὸν</em></span> <span class='ocrx_word' id='word_1_145' title='bbox 1286 1323 1351 1357; x_wconf 86' lang='lat' dir='ltr'>pro</span> <span class='ocrx_word' id='word_1_146' title='bbox 1390 1310 1535 1356; x_wconf 78' lang='lat' dir='ltr'>objecto</span> <span class='ocrx_word' id='word_1_147' title='bbox 1573 1311 1671 1345; x_wconf 89' lang='lat' dir='ltr'>verbi</span> 
     </span>
     <span class='ocr_line' id='line_1_20' title="bbox 193 1365 1671 1405; baseline 0.001 -3"><span class='ocrx_word' id='word_1_148' title='bbox 193 1365 418 1402; x_wconf 83' lang='grc' dir='ltr'><em>διετείναντο</em></span> <span class='ocrx_word' id='word_1_149' title='bbox 443 1369 587 1404; x_wconf 85' lang='lat' dir='ltr'>habeas.</span> <span class='ocrx_word' id='word_1_150' title='bbox 640 1369 828 1405; x_wconf 83' lang='lat' dir='ltr'>Sententia</span> <span class='ocrx_word' id='word_1_151' title='bbox 851 1370 927 1405; x_wconf 83' lang='lat' dir='ltr'>haec</span> <span class='ocrx_word' id='word_1_152' title='bbox 953 1369 1027 1404; x_wconf 85' lang='lat' dir='ltr'>fere</span> <span class='ocrx_word' id='word_1_153' title='bbox 1053 1378 1127 1403; x_wconf 80' lang='lat' dir='ltr'>est:</span> <span class='ocrx_word' id='word_1_154' title='bbox 1162 1368 1314 1402; x_wconf 74' lang='lat' dir='ltr'>indicem</span> <span class='ocrx_word' id='word_1_155' title='bbox 1352 1376 1526 1402; x_wconf 74' lang='lat' dir='ltr'>necarunt</span> <span class='ocrx_word' id='word_1_156' title='bbox 1563 1375 1600 1402; x_wconf 87' lang='lat' dir='ltr'>et</span> <span class='ocrx_word' id='word_1_157' title='bbox 1630 1370 1671 1403; x_wconf 90' lang='lat' dir='ltr'>in</span> 
     </span>
     <span class='ocr_line' id='line_1_21' title="bbox 195 1425 1669 1473; baseline 0.001 -14"><span class='ocrx_word' id='word_1_158' title='bbox 195 1436 246 1459; x_wconf 86' lang='lat' dir='ltr'>eo</span> <span class='ocrx_word' id='word_1_159' title='bbox 285 1426 399 1460; x_wconf 90' lang='lat' dir='ltr'>enisi</span> <span class='ocrx_word' id='word_1_160' title='bbox 435 1434 556 1468; x_wconf 87' lang='lat' dir='ltr'>sunt,</span> <span class='ocrx_word' id='word_1_161' title='bbox 595 1434 633 1462; x_wconf 84' lang='lat' dir='ltr'>nt</span> <span class='ocrx_word' id='word_1_162' title='bbox 655 1439 701 1462; x_wconf 81' lang='lat' dir='ltr'>ne</span> <span class='ocrx_word' id='word_1_163' title='bbox 728 1427 774 1462; x_wconf 80' lang='lat' dir='ltr'>ad</span> <span class='ocrx_word' id='word_1_164' title='bbox 798 1440 865 1463; x_wconf 89' lang='lat' dir='ltr'>vos</span> <span class='ocrx_word' id='word_1_165' title='bbox 892 1428 1037 1470; x_wconf 82' lang='lat' dir='ltr'>veniret,</span> <span class='ocrx_word' id='word_1_166' title='bbox 1063 1428 1083 1462; x_wconf 92' lang='lat' dir='ltr'>i.</span> <span class='ocrx_word' id='word_1_167' title='bbox 1109 1439 1137 1462; x_wconf 82' lang='lat' dir='ltr'>e.</span> <span class='ocrx_word' id='word_1_168' title='bbox 1161 1438 1316 1472; x_wconf 78' lang='lat' dir='ltr'>eumque</span> <span class='ocrx_word' id='word_1_169' title='bbox 1341 1425 1601 1473; x_wconf 82' lang='lat' dir='ltr'>prohibuerunt</span> <span class='ocrx_word' id='word_1_170' title='bbox 1622 1427 1669 1461; x_wconf 77' lang='lat' dir='ltr'>ad</span> 
     </span>
     <span class='ocr_line' id='line_1_22' title="bbox 194 1484 435 1518; baseline 0 0"><span class='ocrx_word' id='word_1_171' title='bbox 194 1495 262 1518; x_wconf 90' lang='lat' dir='ltr'>vos</span> <span class='ocrx_word' id='word_1_172' title='bbox 290 1484 435 1518; x_wconf 59' lang='lat' dir='ltr'>venite·</span> 
     </span>
    </p>

    <p class='ocr_par' dir='ltr' id='par_1_10' title="bbox 183 1538 1668 2215">
     <span class='ocr_line' id='line_1_23' title="bbox 290 1538 1667 1588; baseline 0 -14"><span class='ocrx_word' id='word_1_173' title='bbox 290 1541 336 1574; x_wconf 86' lang='lat'>30</span> <span class='ocrx_word' id='word_1_174' title='bbox 384 1541 474 1586; x_wconf 81' lang='lat'>§49</span> <span class='ocrx_word' id='word_1_175' title='bbox 499 1538 519 1575; x_wconf 82' lang='grc' dir='ltr'><strong><em>ὖ</em></strong></span> <span class='ocrx_word' id='word_1_176' title='bbox 544 1541 613 1585; x_wconf 79' lang='grc' dir='ltr'>μὲν</span> <span class='ocrx_word' id='word_1_177' title='bbox 635 1543 705 1588; x_wconf 76' lang='grc' dir='ltr'>γὰρ</span> <span class='ocrx_word' id='word_1_178' title='bbox 743 1539 873 1577; x_wconf 76' lang='grc' dir='ltr'><em>δοῦλος</em></span> <span class='ocrx_word' id='word_1_179' title='bbox 912 1539 978 1576; x_wconf 82' lang='grc' dir='ltr'><em>δῦσ</em></span> <span class='ocrx_word' id='word_1_180' title='bbox 1014 1539 1108 1587; x_wconf 78' lang='grc' dir='ltr'>λόγω</span> <span class='ocrx_word' id='word_1_181' title='bbox 1145 1538 1264 1587; x_wconf 75' lang='grc' dir='ltr'><em>ἔλεγε·</em></span> <span class='ocrx_word' id='word_1_182' title='bbox 1304 1540 1389 1574; x_wconf 78' lang='grc' dir='ltr'><em>τοτὲ</em></span> <span class='ocrx_word' id='word_1_183' title='bbox 1427 1540 1497 1585; x_wconf 72' lang='grc' dir='ltr'>μὲν</span> <span class='ocrx_word' id='word_1_184' title='bbox 1525 1540 1597 1586; x_wconf 71' lang='grc' dir='ltr'>ἔφη</span> <span class='ocrx_word' id='word_1_185' title='bbox 1620 1553 1667 1585; x_wconf 79' lang='grc' dir='ltr'>με</span> 
     </span>
     <span class='ocr_line' id='line_1_24' title="bbox 192 1592 1668 1645; baseline 0.002 -15"><span class='ocrx_word' id='word_1_186' title='bbox 192 1592 393 1644; x_wconf 79' lang='grc' dir='ltr'><strong><em>εἰργάσθαι</em></strong></span> <span class='ocrx_word' id='word_1_187' title='bbox 415 1599 458 1631; x_wconf 81' lang='grc' dir='ltr'>τὸ</span> <span class='ocrx_word' id='word_1_188' title='bbox 485 1597 604 1645; x_wconf 70' lang='grc' dir='ltr'><em>ἔργον,</em></span> <span class='ocrx_word' id='word_1_189' title='bbox 628 1599 712 1633; x_wconf 79' lang='grc' dir='ltr'><em>τοτὲ</em></span> <span class='ocrx_word' id='word_1_190' title='bbox 737 1596 778 1633; x_wconf 79' lang='grc' dir='ltr'>δὲ</span> <span class='ocrx_word' id='word_1_191' title='bbox 803 1597 866 1633; x_wconf 75' lang='grc' dir='ltr'><em>οὐκ</em></span> <span class='ocrx_word' id='word_1_192' title='bbox 891 1598 978 1644; x_wconf 72' lang='grc' dir='ltr'><em>ἔφη.</em></span> <span class='ocrx_word' id='word_1_193' title='bbox 1027 1598 1157 1638; x_wconf 80' lang='lat' dir='ltr'>Recte,</span> <span class='ocrx_word' id='word_1_194' title='bbox 1192 1604 1227 1631; x_wconf 90' lang='lat' dir='ltr'>ut</span> <span class='ocrx_word' id='word_1_195' title='bbox 1255 1598 1393 1643; x_wconf 84' lang='lat' dir='ltr'>opinor,</span> <span class='ocrx_word' id='word_1_196' title='bbox 1421 1598 1541 1632; x_wconf 85' lang='lat' dir='ltr'>Reisk.</span> <span class='ocrx_word' id='word_1_197' title='bbox 1579 1605 1668 1644; x_wconf 84' lang='lat' dir='ltr'>post</span> 
     </span>
     <span class='ocr_line' id='line_1_25' title="bbox 190 1652 1666 1701; baseline 0.003 -15"><span class='ocrx_word' id='word_1_198' title='bbox 190 1652 276 1686; x_wconf 79' lang='grc' dir='ltr'><em>τοτὲ</em></span> <span class='ocrx_word' id='word_1_199' title='bbox 300 1654 369 1696; x_wconf 79' lang='grc' dir='ltr'>μέν</span> <span class='ocrx_word' id='word_1_200' title='bbox 394 1655 574 1689; x_wconf 84' lang='lat' dir='ltr'>excidisse</span> <span class='ocrx_word' id='word_1_201' title='bbox 612 1662 714 1701; x_wconf 84' lang='lat' dir='ltr'>putat</span> <span class='ocrx_word' id='word_1_202' title='bbox 749 1656 960 1701; x_wconf 82' lang='lat' dir='ltr'>particulam</span> <span class='ocrx_word' id='word_1_203' title='bbox 983 1653 1080 1701; x_wconf 82' lang='grc' dir='ltr'><em>γάρ.</em></span> <span class='ocrx_word' id='word_1_204' title='bbox 1131 1654 1228 1688; x_wconf 88' lang='lat' dir='ltr'>Idem</span> <span class='ocrx_word' id='word_1_205' title='bbox 1268 1655 1452 1691; x_wconf 76' lang='lat' dir='ltr'>observari</span> <span class='ocrx_word' id='word_1_206' title='bbox 1493 1662 1666 1701; x_wconf 83' lang='lat' dir='ltr'>oportere</span> 
     </span>
     <span class='ocr_line' id='line_1_26' title="bbox 192 1708 1663 1760; baseline 0.001 -16"><span class='ocrx_word' id='word_1_207' title='bbox 192 1709 278 1744; x_wconf 86' lang='lat' dir='ltr'>vidit</span> <span class='ocrx_word' id='word_1_208' title='bbox 303 1709 476 1745; x_wconf 80' lang='lat' dir='ltr'>Maetzner</span> <span class='ocrx_word' id='word_1_209' title='bbox 500 1711 519 1757; x_wconf 63' lang='grc' dir='ltr'><em>ξ</em></span> <span class='ocrx_word' id='word_1_210' title='bbox 549 1712 591 1745; x_wconf 79' lang='grc'>79</span> <span class='ocrx_word' id='word_1_211' title='bbox 615 1713 735 1760; x_wconf 73' lang='grc' dir='ltr'><em>γέρων</em></span> <span class='ocrx_word' id='word_1_212' title='bbox 758 1711 827 1757; x_wconf 80' lang='grc' dir='ltr'>μὲν</span> <span class='ocrx_word' id='word_1_213' title='bbox 854 1708 936 1758; x_wconf 68' lang='grc' dir='ltr'>γάρ</span> <span class='ocrx_word' id='word_1_214' title='bbox 962 1731 979 1739; x_wconf 89' lang='grc'><strong>-</strong></span> <span class='ocrx_word' id='word_1_215' title='bbox 999 1730 1033 1751; x_wconf 89' lang='grc'>-,</span> <span class='ocrx_word' id='word_1_216' title='bbox 1061 1719 1211 1757; x_wconf 82' lang='lat' dir='ltr'>uterquc</span> <span class='ocrx_word' id='word_1_217' title='bbox 1247 1711 1300 1744; x_wconf 74' lang='lat' dir='ltr'>vir</span> <span class='ocrx_word' id='word_1_218' title='bbox 1331 1710 1463 1745; x_wconf 87' lang='lat' dir='ltr'>doctus</span> <span class='ocrx_word' id='word_1_219' title='bbox 1488 1710 1573 1758; x_wconf 83' lang='grc' dir='ltr'>γάρ</span> <span class='ocrx_word' id='word_1_220' title='bbox 1600 1712 1663 1746; x_wconf 91' lang='lat' dir='ltr'>de-</span> 
     </span>
     <span class='ocr_line' id='line_1_27' title="bbox 191 1765 1664 1815; baseline 0.001 -13"><span class='ocrx_word' id='word_1_221' title='bbox 191 1767 330 1802; x_wconf 83' lang='lat' dir='ltr'>siderat</span> <span class='ocrx_word' id='word_1_222' title='bbox 354 1767 416 1810; x_wconf 87' lang='lat' dir='ltr'>IV,</span> <span class='ocrx_word' id='word_1_223' title='bbox 438 1773 478 1815; x_wconf 77' lang='grc' dir='ltr'>β,</span> <span class='ocrx_word' id='word_1_224' title='bbox 509 1771 545 1810; x_wconf 77' lang='grc' dir='ltr'>’ῖς</span> <span class='ocrx_word' id='word_1_225' title='bbox 580 1765 617 1810; x_wconf 79' lang='grc' dir='ltr'>ὃ,</span> <span class='ocrx_word' id='word_1_226' title='bbox 644 1769 675 1803; x_wconf 88' lang='grc'>6.</span> <span class='ocrx_word' id='word_1_227' title='bbox 713 1769 756 1811; x_wconf 88' lang='grc' dir='ltr'>ΙΙ,</span> <span class='ocrx_word' id='word_1_228' title='bbox 780 1782 814 1815; x_wconf 83' lang='grc' dir='ltr'>γ,</span> <span class='ocrx_word' id='word_1_229' title='bbox 842 1770 873 1805; x_wconf 89' lang='grc'>6.</span> <span class='ocrx_word' id='word_1_230' title='bbox 898 1769 957 1803; x_wconf 93' lang='lat' dir='ltr'>ubi</span> <span class='ocrx_word' id='word_1_231' title='bbox 991 1769 1034 1803; x_wconf 87' lang='lat' dir='ltr'>cf.</span> <span class='ocrx_word' id='word_1_232' title='bbox 1060 1780 1119 1811; x_wconf 81' lang='lat' dir='ltr'>ea,</span> <span class='ocrx_word' id='word_1_233' title='bbox 1151 1780 1229 1815; x_wconf 82' lang='lat' dir='ltr'>quae</span> <span class='ocrx_word' id='word_1_234' title='bbox 1267 1769 1300 1803; x_wconf 86' lang='lat' dir='ltr'>in</span> <span class='ocrx_word' id='word_1_235' title='bbox 1329 1777 1449 1804; x_wconf 87' lang='lat' dir='ltr'>annot.</span> <span class='ocrx_word' id='word_1_236' title='bbox 1475 1770 1549 1806; x_wconf 59' lang='lat' dir='ltr'>crin</span> <span class='ocrx_word' id='word_1_237' title='bbox 1576 1770 1664 1804; x_wconf 87' lang='lat' dir='ltr'>dixit</span> 
     </span>
     <span class='ocr_line' id='line_1_28' title="bbox 188 1825 1665 1874; baseline 0.001 -13"><span class='ocrx_word' id='word_1_238' title='bbox 188 1825 367 1861; x_wconf 82' lang='lat' dir='ltr'>Maetzner.</span> <span class='ocrx_word' id='word_1_239' title='bbox 419 1826 524 1861; x_wconf 77' lang='lat' dir='ltr'>Solet</span> <span class='ocrx_word' id='word_1_240' title='bbox 549 1828 641 1862; x_wconf 90' lang='lat' dir='ltr'>enim</span> <span class='ocrx_word' id='word_1_241' title='bbox 668 1827 851 1874; x_wconf 88' lang='lat' dir='ltr'>Antiphon</span> <span class='ocrx_word' id='word_1_242' title='bbox 884 1832 971 1873; x_wconf 89' lang='lat' dir='ltr'>post</span> <span class='ocrx_word' id='word_1_243' title='bbox 997 1827 1221 1873; x_wconf 87' lang='lat' dir='ltr'>propositam</span> <span class='ocrx_word' id='word_1_244' title='bbox 1259 1827 1411 1873; x_wconf 78' lang='lat' dir='ltr'>aliquam</span> <span class='ocrx_word' id='word_1_245' title='bbox 1449 1828 1665 1862; x_wconf 78' lang='lat' dir='ltr'>sententiam</span> 
     </span>
     <span class='ocr_line' id='line_1_29' title="bbox 187 1882 1664 1932; baseline 0.001 -14"><span class='ocrx_word' id='word_1_246' title='bbox 187 1896 333 1918; x_wconf 83' lang='lat' dir='ltr'>cansam</span> <span class='ocrx_word' id='word_1_247' title='bbox 359 1895 455 1930; x_wconf 73' lang='lat' dir='ltr'>saepe</span> <span class='ocrx_word' id='word_1_248' title='bbox 479 1884 579 1929; x_wconf 87' lang='lat' dir='ltr'>ejus,</span> <span class='ocrx_word' id='word_1_249' title='bbox 603 1885 702 1932; x_wconf 84' lang='lat' dir='ltr'>quod</span> <span class='ocrx_word' id='word_1_250' title='bbox 728 1885 936 1932; x_wconf 83' lang='lat' dir='ltr'>proposuit,</span> <span class='ocrx_word' id='word_1_251' title='bbox 962 1895 1028 1930; x_wconf 88' lang='lat' dir='ltr'>per</span> <span class='ocrx_word' id='word_1_252' title='bbox 1048 1882 1119 1931; x_wconf 82' lang='grc' dir='ltr'>γάρ</span> <span class='ocrx_word' id='word_1_253' title='bbox 1146 1884 1353 1930; x_wconf 74' lang='lat' dir='ltr'>particulam</span> <span class='ocrx_word' id='word_1_254' title='bbox 1380 1884 1516 1920; x_wconf 83' lang='lat' dir='ltr'>afferre.</span> <span class='ocrx_word' id='word_1_255' title='bbox 1555 1884 1664 1927; x_wconf 87' lang='lat' dir='ltr'>Quod</span> 
     </span>
     <span class='ocr_line' id='line_1_30' title="bbox 188 1939 1664 1989; baseline 0.003 -15"><span class='ocrx_word' id='word_1_256' title='bbox 188 1941 301 1974; x_wconf 87' lang='lat' dir='ltr'>ubivis</span> <span class='ocrx_word' id='word_1_257' title='bbox 339 1941 434 1985; x_wconf 82' lang='lat' dir='ltr'>apud</span> <span class='ocrx_word' id='word_1_258' title='bbox 472 1943 617 1989; x_wconf 82' lang='lat' dir='ltr'>Antiph.</span> <span class='ocrx_word' id='word_1_259' title='bbox 647 1942 818 1988; x_wconf 87' lang='lat' dir='ltr'>exemplis</span> <span class='ocrx_word' id='word_1_260' title='bbox 845 1941 990 1988; x_wconf 86' lang='lat' dir='ltr'>probari</span> <span class='ocrx_word' id='word_1_261' title='bbox 1015 1947 1151 1987; x_wconf 84' lang='lat' dir='ltr'>potest.</span> <span class='ocrx_word' id='word_1_262' title='bbox 1202 1940 1261 1975; x_wconf 85' lang='lat' dir='ltr'>Or.</span> <span class='ocrx_word' id='word_1_263' title='bbox 1289 1941 1302 1975; x_wconf 91' lang='lat'>1</span> <span class='ocrx_word' id='word_1_264' title='bbox 1329 1942 1347 1987; x_wconf 85' lang='lat'>§</span> <span class='ocrx_word' id='word_1_265' title='bbox 1376 1943 1393 1975; x_wconf 97' lang='lat'>1</span> <span class='ocrx_word' id='word_1_266' title='bbox 1421 1948 1507 1989; x_wconf 87' lang='lat' dir='ltr'>post</span> <span class='ocrx_word' id='word_1_267' title='bbox 1534 1939 1664 1978; x_wconf 81' lang='grc' dir='ltr'><em>δεινῶς</em></span> 
     </span>
     <span class='ocr_line' id='line_1_31' title="bbox 187 1994 1659 2045; baseline 0.001 -14"><span class='ocrx_word' id='word_1_268' title='bbox 187 1994 231 2031; x_wconf 77' lang='grc' dir='ltr'>δὲ</span> <span class='ocrx_word' id='word_1_269' title='bbox 255 2000 317 2031; x_wconf 78' lang='grc' dir='ltr'>καὶ</span> <span class='ocrx_word' id='word_1_270' title='bbox 342 1996 495 2044; x_wconf 77' lang='grc' dir='ltr'>ἀπόρως</span> <span class='ocrx_word' id='word_1_271' title='bbox 524 1999 598 2042; x_wconf 75' lang='grc' dir='ltr'><em>ἔχει</em></span> <span class='ocrx_word' id='word_1_272' title='bbox 618 2011 686 2044; x_wconf 82' lang='grc' dir='ltr'><em>μοι</em></span> <span class='ocrx_word' id='word_1_273' title='bbox 701 2001 790 2045; x_wconf 82' lang='grc' dir='ltr'><em>περὶ</em></span> <span class='ocrx_word' id='word_1_274' title='bbox 814 1997 880 2031; x_wconf 77' lang='grc' dir='ltr'>τοῦ</span> <span class='ocrx_word' id='word_1_275' title='bbox 904 1995 1122 2044; x_wconf 80' lang='grc' dir='ltr'><em>πράγματος</em></span> <span class='ocrx_word' id='word_1_276' title='bbox 1152 1999 1185 2032; x_wconf 89' lang='lat' dir='ltr'>in</span> <span class='ocrx_word' id='word_1_277' title='bbox 1210 1998 1230 2043; x_wconf 66' lang='grc' dir='ltr'><strong>ξ</strong></span> <span class='ocrx_word' id='word_1_278' title='bbox 1255 1998 1279 2031; x_wconf 77' lang='grc'>2</span> <span class='ocrx_word' id='word_1_279' title='bbox 1303 1996 1325 2041; x_wconf 86' lang='grc' dir='ltr'><strong><em>ἦ</em></strong></span> <span class='ocrx_word' id='word_1_280' title='bbox 1350 2000 1434 2043; x_wconf 79' lang='grc' dir='ltr'>γὰρ</span> <span class='ocrx_word' id='word_1_281' title='bbox 1458 1998 1546 2042; x_wconf 78' lang='grc' dir='ltr'><em>τύχη</em></span> <span class='ocrx_word' id='word_1_282' title='bbox 1560 1997 1659 2039; x_wconf 80' lang='grc' dir='ltr'><em>κτλ,</em></span> 
     </span>
     <span class='ocr_line' id='line_1_32' title="bbox 188 2049 1663 2102; baseline -0.002 -11"><span class='ocrx_word' id='word_1_283' title='bbox 188 2054 209 2091; x_wconf 93' lang='lat' dir='ltr'>l.</span> <span class='ocrx_word' id='word_1_284' title='bbox 234 2055 256 2091; x_wconf 90' lang='lat' dir='ltr'>l.</span> <span class='ocrx_word' id='word_1_285' title='bbox 283 2061 369 2102; x_wconf 77' lang='lat' dir='ltr'>post</span> <span class='ocrx_word' id='word_1_286' title='bbox 392 2053 455 2089; x_wconf 78' lang='grc' dir='ltr'>νῦν</span> <span class='ocrx_word' id='word_1_287' title='bbox 481 2051 521 2089; x_wconf 77' lang='grc' dir='ltr'>δὲ</span> <span class='ocrx_word' id='word_1_288' title='bbox 546 2053 687 2089; x_wconf 83' lang='grc' dir='ltr'><em>τούτων</em></span> <span class='ocrx_word' id='word_1_289' title='bbox 710 2052 886 2089; x_wconf 77' lang='grc' dir='ltr'><em>τάναντία</em></span> <span class='ocrx_word' id='word_1_290' title='bbox 909 2055 1099 2100; x_wconf 76' lang='grc' dir='ltr'><em>γεγένηται</em></span> <span class='ocrx_word' id='word_1_291' title='bbox 1124 2055 1285 2101; x_wconf 81' lang='lat' dir='ltr'>sequitur</span> <span class='ocrx_word' id='word_1_292' title='bbox 1310 2053 1415 2088; x_wconf 75' lang='grc' dir='ltr'><em>αὐτοὶ</em></span> <span class='ocrx_word' id='word_1_293' title='bbox 1446 2056 1530 2101; x_wconf 81' lang='grc' dir='ltr'>γὰρ</span> <span class='ocrx_word' id='word_1_294' title='bbox 1557 2049 1663 2088; x_wconf 75' lang='grc' dir='ltr'><em>οὗτοι</em></span> 
     </span>
     <span class='ocr_line' id='line_1_33' title="bbox 185 2108 1661 2159; baseline 0 -13"><span class='ocrx_word' id='word_1_295' title='bbox 185 2110 284 2153; x_wconf 70' lang='grc' dir='ltr'><em>κτλ,</em></span> <span class='ocrx_word' id='word_1_296' title='bbox 311 2112 329 2158; x_wconf 82' lang='lat'>§</span> <span class='ocrx_word' id='word_1_297' title='bbox 356 2111 377 2146; x_wconf 81' lang='lat'><strong>3</strong></span> <span class='ocrx_word' id='word_1_298' title='bbox 404 2120 488 2159; x_wconf 86' lang='lat' dir='ltr'>post</span> <span class='ocrx_word' id='word_1_299' title='bbox 526 2115 587 2146; x_wconf 80' lang='grc' dir='ltr'>καὶ</span> <span class='ocrx_word' id='word_1_300' title='bbox 624 2110 702 2157; x_wconf 77' lang='grc' dir='ltr'>ἅμα</span> <span class='ocrx_word' id='word_1_301' title='bbox 739 2110 824 2156; x_wconf 72' lang='grc' dir='ltr'><em>ἐμοὶ</em></span> <span class='ocrx_word' id='word_1_302' title='bbox 855 2109 956 2156; x_wconf 78' lang='grc' dir='ltr'><em>μόνῳ</em></span> <span class='ocrx_word' id='word_1_303' title='bbox 995 2108 1266 2156; x_wconf 57' lang='grc' dir='ltr'><em>ἀπολελυμένῳ</em></span> <span class='ocrx_word' id='word_1_304' title='bbox 1302 2110 1496 2157; x_wconf 79' lang='grc' dir='ltr'><em>βοηθῆσαι</em></span> <span class='ocrx_word' id='word_1_305' title='bbox 1532 2112 1566 2146; x_wconf 90' lang='lat' dir='ltr'>in</span> <span class='ocrx_word' id='word_1_306' title='bbox 1593 2111 1612 2157; x_wconf 60' lang='grc' dir='ltr'>ᾗ</span> <span class='ocrx_word' id='word_1_307' title='bbox 1638 2111 1661 2145; x_wconf 89' lang='grc'><strong>4</strong></span> 
     </span>
     <span class='ocr_line' id='line_1_34' title="bbox 183 2165 613 2215; baseline -0.002 -13"><span class='ocrx_word' id='word_1_308' title='bbox 183 2165 289 2214; x_wconf 78' lang='grc' dir='ltr'><em>ὖμεῒς</em></span> <span class='ocrx_word' id='word_1_309' title='bbox 310 2170 393 2215; x_wconf 83' lang='grc' dir='ltr'>γὰρ</span> <span class='ocrx_word' id='word_1_310' title='bbox 419 2167 517 2210; x_wconf 75' lang='grc' dir='ltr'><em>κτλ,</em></span> <span class='ocrx_word' id='word_1_311' title='bbox 545 2176 613 2204; x_wconf 84' lang='lat' dir='ltr'>cet.</span> 
     </span>
    </p>

    <p class='ocr_par' dir='ltr' id='par_1_11' title="bbox 176 2222 1660 2733">
     <span class='ocr_line' id='line_1_35' title="bbox 277 2222 1660 2274; baseline 0.001 -15"><span class='ocrx_word' id='word_1_312' title='bbox 277 2225 318 2259; x_wconf 86' lang='lat'>31</span> <span class='ocrx_word' id='word_1_313' title='bbox 373 2225 391 2271; x_wconf 63' lang='grc' dir='ltr'><strong>ξ</strong></span> <span class='ocrx_word' id='word_1_314' title='bbox 419 2227 458 2259; x_wconf 88' lang='grc'>51</span> <span class='ocrx_word' id='word_1_315' title='bbox 488 2225 618 2260; x_wconf 80' lang='grc' dir='ltr'><em>ἔπειτα</em></span> <span class='ocrx_word' id='word_1_316' title='bbox 645 2222 685 2260; x_wconf 81' lang='grc' dir='ltr'>δὲ</span> <span class='ocrx_word' id='word_1_317' title='bbox 710 2229 771 2259; x_wconf 74' lang='grc' dir='ltr'>καὶ</span> <span class='ocrx_word' id='word_1_318' title='bbox 796 2224 836 2259; x_wconf 74' lang='grc' dir='ltr'>ἐκ</span> <span class='ocrx_word' id='word_1_319' title='bbox 858 2224 933 2259; x_wconf 79' lang='grc' dir='ltr'>τῶν</span> <span class='ocrx_word' id='word_1_320' title='bbox 957 2223 1076 2271; x_wconf 76' lang='grc' dir='ltr'><em>λόγων</em></span> <span class='ocrx_word' id='word_1_321' title='bbox 1108 2225 1184 2260; x_wconf 76' lang='grc' dir='ltr'>τῶν</span> <span class='ocrx_word' id='word_1_322' title='bbox 1217 2225 1283 2260; x_wconf 80' lang='grc' dir='ltr'>τοῦ</span> <span class='ocrx_word' id='word_1_323' title='bbox 1316 2224 1522 2272; x_wconf 77' lang='grc' dir='ltr'><em>ἀνθρώπου</em></span> <span class='ocrx_word' id='word_1_324' title='bbox 1551 2230 1660 2274; x_wconf 80' lang='grc' dir='ltr'><em>μερὶς</em></span> 
     </span>
     <span class='ocr_line' id='line_1_36' title="bbox 182 2280 1657 2330; baseline 0.001 -14"><span class='ocrx_word' id='word_1_325' title='bbox 182 2281 344 2330; x_wconf 76' lang='grc' dir='ltr'><em>ἑκατέρῳ</em></span> <span class='ocrx_word' id='word_1_326' title='bbox 385 2282 444 2327; x_wconf 78' lang='grc' dir='ltr'><em>ἴση</em></span> <span class='ocrx_word' id='word_1_327' title='bbox 486 2281 584 2323; x_wconf 78' lang='grc' dir='ltr'><em>ἐστὶ,</em></span> <span class='ocrx_word' id='word_1_328' title='bbox 614 2280 760 2319; x_wconf 80' lang='grc' dir='ltr'><em>τούτοις</em></span> <span class='ocrx_word' id='word_1_329' title='bbox 795 2282 863 2328; x_wconf 77' lang='grc' dir='ltr'>μὲν</span> <span class='ocrx_word' id='word_1_330' title='bbox 891 2283 934 2316; x_wconf 86' lang='grc' dir='ltr'>τὸ</span> <span class='ocrx_word' id='word_1_331' title='bbox 968 2280 1135 2328; x_wconf 79' lang='grc' dir='ltr'><em>φάσκειν,</em></span> <span class='ocrx_word' id='word_1_332' title='bbox 1168 2281 1252 2328; x_wconf 71' lang='grc' dir='ltr'><em>ἐμοὶ</em></span> <span class='ocrx_word' id='word_1_333' title='bbox 1279 2280 1318 2317; x_wconf 81' lang='grc' dir='ltr'>δὲ</span> <span class='ocrx_word' id='word_1_334' title='bbox 1343 2284 1386 2317; x_wconf 83' lang='grc' dir='ltr'>τὸ</span> <span class='ocrx_word' id='word_1_335' title='bbox 1411 2285 1462 2328; x_wconf 84' lang='grc' dir='ltr'>μὴ</span> <span class='ocrx_word' id='word_1_336' title='bbox 1491 2282 1657 2328; x_wconf 81' lang='grc' dir='ltr'><em>φάσκειν,</em></span> 
     </span>
     <span class='ocr_line' id='line_1_37' title="bbox 180 2337 1658 2389; baseline 0.001 -15"><span class='ocrx_word' id='word_1_337' title='bbox 180 2339 221 2374; x_wconf 77' lang='grc' dir='ltr'>ἔκ</span> <span class='ocrx_word' id='word_1_338' title='bbox 244 2352 284 2374; x_wconf 88' lang='grc' dir='ltr'>τε</span> <span class='ocrx_word' id='word_1_339' title='bbox 309 2337 453 2385; x_wconf 80' lang='grc' dir='ltr'><em>ἀμφοῖν</em></span> <span class='ocrx_word' id='word_1_340' title='bbox 475 2341 557 2374; x_wconf 88' lang='grc' dir='ltr'><em>τοῖν</em></span> <span class='ocrx_word' id='word_1_341' title='bbox 581 2338 736 2389; x_wconf 80' lang='grc' dir='ltr'><em>ἀνδροῖν</em></span> <span class='ocrx_word' id='word_1_342' title='bbox 758 2341 840 2375; x_wconf 87' lang='grc' dir='ltr'><em>τοῖν</em></span> <span class='ocrx_word' id='word_1_343' title='bbox 862 2341 1190 2387; x_wconf 78' lang='grc' dir='ltr'><em>βασανισθέντων·</em></span> <span class='ocrx_word' id='word_1_344' title='bbox 1230 2338 1251 2376; x_wconf 79' lang='grc' dir='ltr'><strong>ὁ</strong></span> <span class='ocrx_word' id='word_1_345' title='bbox 1275 2341 1345 2386; x_wconf 78' lang='grc' dir='ltr'>μὲν</span> <span class='ocrx_word' id='word_1_346' title='bbox 1366 2342 1436 2387; x_wconf 81' lang='grc' dir='ltr'>γὰρ</span> <span class='ocrx_word' id='word_1_347' title='bbox 1462 2340 1610 2386; x_wconf 79' lang='grc' dir='ltr'><em>ἔφησεν,</em></span> <span class='ocrx_word' id='word_1_348' title='bbox 1638 2339 1658 2376; x_wconf 80' lang='grc' dir='ltr'><strong><em>ὁ</em></strong></span> 
     </span>
     <span class='ocr_line' id='line_1_38' title="bbox 180 2393 1657 2444; baseline 0.001 -13"><span class='ocrx_word' id='word_1_349' title='bbox 180 2393 222 2431; x_wconf 78' lang='grc' dir='ltr'>δὲ</span> <span class='ocrx_word' id='word_1_350' title='bbox 258 2393 321 2431; x_wconf 80' lang='grc' dir='ltr'>διὰ</span> <span class='ocrx_word' id='word_1_351' title='bbox 345 2394 469 2432; x_wconf 78' lang='grc' dir='ltr'><em>τέλους</em></span> <span class='ocrx_word' id='word_1_352' title='bbox 493 2396 647 2444; x_wconf 77' lang='grc' dir='ltr'><em>ἔξαρνος</em></span> <span class='ocrx_word' id='word_1_353' title='bbox 670 2393 728 2442; x_wconf 79' lang='grc' dir='ltr'>ἦν.</span> <span class='ocrx_word' id='word_1_354' title='bbox 778 2398 930 2439; x_wconf 83' lang='lat' dir='ltr'>Vereor,</span> <span class='ocrx_word' id='word_1_355' title='bbox 957 2406 995 2432; x_wconf 83' lang='lat' dir='ltr'>ut</span> <span class='ocrx_word' id='word_1_356' title='bbox 1020 2399 1089 2433; x_wconf 89' lang='lat' dir='ltr'>hoc</span> <span class='ocrx_word' id='word_1_357' title='bbox 1115 2399 1225 2433; x_wconf 86' lang='lat' dir='ltr'>modo</span> <span class='ocrx_word' id='word_1_358' title='bbox 1244 2399 1370 2433; x_wconf 86' lang='lat' dir='ltr'>dixerit</span> <span class='ocrx_word' id='word_1_359' title='bbox 1390 2406 1521 2433; x_wconf 82' lang='lat' dir='ltr'>orator.</span> <span class='ocrx_word' id='word_1_360' title='bbox 1560 2400 1657 2433; x_wconf 86' lang='lat' dir='ltr'>Scri-</span> 
     </span>
     <span class='ocr_line' id='line_1_39' title="bbox 180 2454 1655 2503; baseline 0.001 -14"><span class='ocrx_word' id='word_1_361' title='bbox 180 2454 337 2490; x_wconf 90' lang='lat' dir='ltr'>bendum</span> <span class='ocrx_word' id='word_1_362' title='bbox 364 2454 518 2488; x_wconf 82' lang='lat' dir='ltr'>videtur:</span> <span class='ocrx_word' id='word_1_363' title='bbox 545 2474 561 2480; x_wconf 93' lang='lat'>-</span> <span class='ocrx_word' id='word_1_364' title='bbox 587 2474 602 2481; x_wconf 92' lang='lat'>-</span> <span class='ocrx_word' id='word_1_365' title='bbox 629 2454 791 2503; x_wconf 82' lang='grc' dir='ltr'><em>ἑκατέρῳ</em></span> <span class='ocrx_word' id='word_1_366' title='bbox 819 2455 878 2501; x_wconf 81' lang='grc' dir='ltr'><em>ἴση</em></span> <span class='ocrx_word' id='word_1_367' title='bbox 903 2456 999 2490; x_wconf 76' lang='grc' dir='ltr'><em>ἐστι’·</em></span> <span class='ocrx_word' id='word_1_368' title='bbox 1025 2454 1170 2490; x_wconf 78' lang='grc' dir='ltr'><em>τούτοις</em></span> <span class='ocrx_word' id='word_1_369' title='bbox 1198 2454 1268 2500; x_wconf 80' lang='grc' dir='ltr'>μὲν</span> <span class='ocrx_word' id='word_1_370' title='bbox 1295 2456 1378 2501; x_wconf 83' lang='grc' dir='ltr'>γὰρ</span> <span class='ocrx_word' id='word_1_371' title='bbox 1410 2456 1452 2489; x_wconf 84' lang='grc' dir='ltr'>τὸ</span> <span class='ocrx_word' id='word_1_372' title='bbox 1488 2454 1655 2500; x_wconf 78' lang='grc' dir='ltr'><em>φάσκειν,</em></span> 
     </span>
     <span class='ocr_line' id='line_1_40' title="bbox 179 2509 1658 2560; baseline -0.001 -14"><span class='ocrx_word' id='word_1_373' title='bbox 179 2510 266 2557; x_wconf 77' lang='grc' dir='ltr'><em>ἐμοὶ</em></span> <span class='ocrx_word' id='word_1_374' title='bbox 296 2509 339 2546; x_wconf 79' lang='grc' dir='ltr'><em>δέ</em></span> <span class='ocrx_word' id='word_1_375' title='bbox 361 2513 402 2545; x_wconf 84' lang='grc' dir='ltr'>τὰ</span> <span class='ocrx_word' id='word_1_376' title='bbox 429 2512 480 2556; x_wconf 81' lang='grc' dir='ltr'>μὴ</span> <span class='ocrx_word' id='word_1_377' title='bbox 509 2509 683 2556; x_wconf 83' lang='grc' dir='ltr'><em>φάσκειν·</em></span> <span class='ocrx_word' id='word_1_378' title='bbox 711 2512 751 2546; x_wconf 77' lang='grc' dir='ltr'>ἔκ</span> <span class='ocrx_word' id='word_1_379' title='bbox 773 2525 814 2546; x_wconf 87' lang='grc' dir='ltr'>τε</span> <span class='ocrx_word' id='word_1_380' title='bbox 838 2511 913 2546; x_wconf 79' lang='grc' dir='ltr'><em>κτλ.</em></span> <span class='ocrx_word' id='word_1_381' title='bbox 964 2514 1127 2548; x_wconf 71' lang='lat' dir='ltr'>Ceterum</span> <span class='ocrx_word' id='word_1_382' title='bbox 1162 2512 1204 2545; x_wconf 83' lang='lat' dir='ltr'>cf.</span> <span class='ocrx_word' id='word_1_383' title='bbox 1237 2512 1281 2545; x_wconf 85' lang='lat' dir='ltr'>ad</span> <span class='ocrx_word' id='word_1_384' title='bbox 1310 2521 1432 2547; x_wconf 85' lang='lat' dir='ltr'>annot.</span> <span class='ocrx_word' id='word_1_385' title='bbox 1457 2526 1557 2560; x_wconf 85' lang='lat' dir='ltr'>prox.</span> <span class='ocrx_word' id='word_1_386' title='bbox 1583 2513 1658 2555; x_wconf 80' lang='lat'><strong>(30)</strong></span> 
     </span>
     <span class='ocr_line' id='line_1_41' title="bbox 179 2568 1655 2617; baseline 0.001 -13"><span class='ocrx_word' id='word_1_387' title='bbox 179 2578 217 2604; x_wconf 79' lang='lat' dir='ltr'>et</span> <span class='ocrx_word' id='word_1_388' title='bbox 243 2569 287 2605; x_wconf 83' lang='lat' dir='ltr'>ad</span> <span class='ocrx_word' id='word_1_389' title='bbox 315 2569 358 2611; x_wconf 85' lang='lat' dir='ltr'>ll,</span> <span class='ocrx_word' id='word_1_390' title='bbox 383 2572 421 2616; x_wconf 84' lang='grc' dir='ltr'>β,</span> <span class='ocrx_word' id='word_1_391' title='bbox 449 2570 480 2610; x_wconf 78' lang='grc'>4,</span> <span class='ocrx_word' id='word_1_392' title='bbox 506 2574 627 2603; x_wconf 88' lang='lat' dir='ltr'>annot.</span> <span class='ocrx_word' id='word_1_393' title='bbox 654 2569 709 2603; x_wconf 87' lang='grc'>90.</span> <span class='ocrx_word' id='word_1_394' title='bbox 757 2568 875 2604; x_wconf 85' lang='lat' dir='ltr'>Nemo</span> <span class='ocrx_word' id='word_1_395' title='bbox 901 2570 1004 2606; x_wconf 85' lang='lat' dir='ltr'>facile</span> <span class='ocrx_word' id='word_1_396' title='bbox 1031 2569 1185 2605; x_wconf 77' lang='lat' dir='ltr'>audaciae</span> <span class='ocrx_word' id='word_1_397' title='bbox 1210 2571 1430 2605; x_wconf 82' lang='lat' dir='ltr'>assentiatur</span> <span class='ocrx_word' id='word_1_398' title='bbox 1467 2571 1655 2617; x_wconf 78' lang='lat' dir='ltr'>Hirschigii</span> 
     </span>
     <span class='ocr_line' id='line_1_42' title="bbox 177 2622 1654 2675; baseline 0.002 -16"><span class='ocrx_word' id='word_1_399' title='bbox 177 2625 358 2672; x_wconf 81' lang='lat' dir='ltr'>Philolog.</span> <span class='ocrx_word' id='word_1_400' title='bbox 384 2626 450 2667; x_wconf 90' lang='lat' dir='ltr'>IX,</span> <span class='ocrx_word' id='word_1_401' title='bbox 479 2628 546 2660; x_wconf 73' lang='lat'>&#39;737</span> <span class='ocrx_word' id='word_1_402' title='bbox 583 2628 655 2661; x_wconf 84' lang='lat' dir='ltr'>haec</span> <span class='ocrx_word' id='word_1_403' title='bbox 693 2627 810 2662; x_wconf 88' lang='lat' dir='ltr'>omnia</span> <span class='ocrx_word' id='word_1_404' title='bbox 841 2627 883 2662; x_wconf 71' lang='grc' dir='ltr'>ἔκ</span> <span class='ocrx_word' id='word_1_405' title='bbox 905 2641 945 2662; x_wconf 79' lang='grc' dir='ltr'>τε</span> <span class='ocrx_word' id='word_1_406' title='bbox 971 2626 1115 2674; x_wconf 78' lang='grc' dir='ltr'><em>ἀμφοῖν</em></span> <span class='ocrx_word' id='word_1_407' title='bbox 1137 2648 1153 2655; x_wconf 93' lang='grc'>-</span> <span class='ocrx_word' id='word_1_408' title='bbox 1176 2647 1192 2655; x_wconf 90' lang='grc'>-</span> <span class='ocrx_word' id='word_1_409' title='bbox 1214 2647 1229 2655; x_wconf 88' lang='grc'><strong>-</strong></span> <span class='ocrx_word' id='word_1_410' title='bbox 1255 2625 1409 2675; x_wconf 76' lang='grc' dir='ltr'><em>ἔξαρνος</em></span> <span class='ocrx_word' id='word_1_411' title='bbox 1432 2622 1477 2673; x_wconf 82' lang='grc' dir='ltr'>ἦν</span> <span class='ocrx_word' id='word_1_412' title='bbox 1502 2628 1654 2663; x_wconf 83' lang='lat' dir='ltr'>delenda</span> 
     </span>
     <span class='ocr_line' id='line_1_43' title="bbox 176 2683 1658 2733; baseline 0.002 -16"><span class='ocrx_word' id='word_1_413' title='bbox 176 2684 373 2718; x_wconf 84' lang='lat' dir='ltr'>censentis.</span> <span class='ocrx_word' id='word_1_414' title='bbox 424 2683 513 2720; x_wconf 84' lang='lat' dir='ltr'>lllud</span> <span class='ocrx_word' id='word_1_415' title='bbox 542 2684 660 2720; x_wconf 82' lang='lat' dir='ltr'>dicere</span> <span class='ocrx_word' id='word_1_416' title='bbox 685 2684 846 2720; x_wconf 82' lang='lat' dir='ltr'>voluisse</span> <span class='ocrx_word' id='word_1_417' title='bbox 871 2685 1010 2720; x_wconf 84' lang='lat' dir='ltr'>videtur</span> <span class='ocrx_word' id='word_1_418' title='bbox 1036 2686 1237 2732; x_wconf 81' lang='lat' dir='ltr'>Antiphon,</span> <span class='ocrx_word' id='word_1_419' title='bbox 1273 2687 1479 2720; x_wconf 79' lang='lat' dir='ltr'>testimonia</span> <span class='ocrx_word' id='word_1_420' title='bbox 1515 2688 1658 2733; x_wconf 78' lang='lat' dir='ltr'>utrique</span> 
     </span>
    </p>
   </div>
  </div>
 </body>
</html>
