1938 3153
317 191 372 232 56

303 304 341 360 c)
372 303 650 358 παλιλλογία.
683 304 709 361 §
742 305 808 348 52.
832 331 886 337 «-

210 393 214 396 -
244 370 317 413 III.
338 371 508 413 Literas
556 387 581 413 a
626 387 696 415 me
742 373 912 431 Lycino
946 374 1136 430 scriptas
1168 374 1211 417 in
1245 389 1355 418 nave
1386 381 1586 432 repertas
1618 387 1727 425 esse,

334 440 580 497 perhibent.
613 441 783 499 §53—
788 442 854 485 56.

306 509 352 566 a)
368 509 631 552 Incredibile
651 518 731 560 est,
748 526 774 552 a
790 527 858 553 me
877 512 1027 554 literas
1045 511 1235 567 scriptas
1254 526 1366 562 esse,
1386 512 1488 568 quia
1508 527 1598 555 non
1614 526 1726 569 opus

335 587 430 619 erat
462 578 593 619 scribi
624 602 664 608 —
693 576 717 633 §
751 577 935 621 53-54.
961 606 1008 614 -
1035 577 1196 635 (εἰκός).

313 645 356 702 b)
388 645 527 687 literae
560 652 603 686 et
634 646 883 688 testimonia
916 648 1028 689 inter
1060 662 1107 689 se
1139 647 1406 704 discrepant.
1432 673 1478 680 —
1504 651 1526 701 ς
1548 649 1651 690 54-
1660 623 1727 689 56.

342 738 388 744 -
414 714 644 770 μαρτυρία.
674 738 717 745 —-
746 713 1015 773 (ἐνθύμημα.
1048 719 1262 773 σημεῖον).

245 781 321 823 IV.
341 781 515 834 Quibus
568 782 745 824 tandem
796 784 945 825 causis
996 791 1243 826 commotus
1290 784 1509 827 hominem
1546 781 1728 825 necavi?

334 856 515 906 sponte,
548 857 597 891 ut
628 849 752 905 ajunt
781 851 953 893 istiPan
971 852 1153 894 timore?
1173 867 1228 894 an
1251 853 1449 908 pecuniae
1466 849 1727 908 colligendae

337 917 501 959 causa?
532 917 558 973 §
590 917 774 960 57-59.

246 986 302 1028 V.
336 985 599 1028 Defenditur
646 985 851 1043 Lycinus.
899 987 924 1045 §
971 988 1153 1031 60—63.
1198 987 1446 1046 τεκμήριον.
1497 986 1728 1045 μαρτυρία.

340 1068 473 1101 εικος.

247 1121 322 1164 VI.
339 1121 376 1146 ³²
409 1121 477 1162 Ab
495 1121 831 1163 accusatoribus
848 1122 1003 1164 iterum
1022 1136 1073 1163 ac
1090 1123 1253 1178 saepius
1271 1122 1533 1164 inculcatum
1553 1129 1633 1171 est,
1649 1121 1729 1163 ho-

333 1189 492 1230 minem
524 1188 705 1243 reperiri
737 1202 825 1229 non
857 1203 1005 1244 posse.
1038 1188 1064 1244 §
1096 1189 1280 1231 64-73.

304 1257 337 1312 ¹)
370 1257 489 1312 Ego,
536 1255 610 1310 qui
661 1255 832 1298 facinus
878 1271 965 1298 non
1012 1256 1191 1305 admisi,
1237 1257 1383 1299 dicere
1414 1270 1608 1313 nequeo,
1640 1267 1729 1310 quo

333 1324 490 1366 abierit
537 1323 614 1363 vir.
675 1323 807 1378 Saepe
852 1338 940 1364 non
987 1324 1267 1379 reperiuntur
1312 1339 1392 1366 nec
1422 1323 1730 1366 interfectores

335 1407 416 1434 nec
446 1389 685 1439 interfecti,
718 1404 839 1446 saepe
871 1404 973 1432 sero
990 1390 1039 1432 ³³.
1072 1390 1097 1447 §
1129 1391 1311 1434 60—67.
1339 1417 1384 1424 ——
1410 1392 1520 1440 ἔθος
1544 1415 1591 1423 -

248 1513 285 1541 et
311 1505 513 1541 accusatori
552 1509 588 1539 et:
625 1516 688 1540 reo
727 1505 862 1552 pariter
898 1504 1094 1551 astipulari.
1145 1505 1229 1540 Sive
1255 1517 1299 1541 ex
1324 1507 1428 1542 unius
1454 1506 1630 1546 hominis,
1655 1505 1677 1539 i.
1701 1515 1731 1541 e.

248 1564 363 1604 servi,
390 1563 534 1597 duobus
562 1564 654 1597 inter
679 1574 720 1597 se
758 1562 1050 1609 discrepantibus
1083 1564 1299 1598 testimoniis
1335 1575 1393 1598 res
1425 1563 1619 1610 judicetur,
1658 1562 1733 1596 sive

249 1620 334 1667 quid
360 1632 452 1654 unus
480 1626 516 1654 et·
543 1620 631 1654 alter
656 1620 690 1654 in
716 1620 920 1654 universum
948 1619 1119 1661 dixerint,
1145 1628 1341 1666 spectetur,
1367 1621 1452 1656 illud
1481 1621 1587 1655 cerni.
1629 1618 1732 1654 Servi

246 1679 339 1713 enim
365 1679 517 1725 primum
543 1678 718 1724 negantis,
744 1684 831 1724 post
869 1684 986 1712 autem
1013 1677 1153 1724 ajentis,
1190 1679 1397 1713 testimonia
1445 1678 1592 1712 alterum
1633 1676 1731 1711 alteri

247 1737 381 1782 pariter
407 1743 442 1769 et
468 1734 648 1769 dissidere
674 1741 710 1769 et
736 1735 936 1770 convenire.
988 1735 1081 1769 Tum
1109 1746 1193 1768 vero
1220 1735 1395 1781 siquidem
1422 1736 1596 1782 ingenuus
1622 1734 1731 1768 homo

249 1803 395 1838 semper
420 1793 622 1838 negaverit,
649 1792 693 1825 ab
719 1793 800 1837 ipso
827 1791 1052 1825 interfectum
1080 1802 1165 1824 esse
1192 1792 1319 1832 virum,
1344 1803 1471 1826 servus
1499 1797 1617 1825 autem
1637 1790 1731 1824 affir-

247 1850 417 1889 maverit,
456 1855 648 1894 utrumque
685 1856 815 1883 testem
855 1848 1002 1882 alterum
1030 1848 1129 1882 alteri
1156 1849 1290 1895 pariter
1326 1855 1362 1883 et
1400 1848 1587 1896 astipulari
1613 1853 1650 1882 et
1674 1858 1731 1882 re-

249 1917 422 1954 pugnare.
472 1905 512 1939 Si
538 1906 644 1952 igitur
668 1906 802 1952 pariter
827 1916 848 1939 a.
873 1916 935 1939 reo
963 1911 999 1940 et
1024 1912 1239 1940 accusatore
1265 1913 1362 1940 stent
1399 1907 1544 1940 testium
1583 1904 1732 1946 indicia,

248 1965 359 1999 moris
399 1975 498 2004 esse,
535 1970 574 1997 ut:
599 1963 689 1997 alter
715 1963 935 2004 absolvatur,
973 1963 1064 1997 alter
1089 1974 1199 1998 causa
1231 1963 1346 1998 cadat.
1374 1983 1416 1990 —
1444 1963 1536 1998 Hinc
1563 1967 1731 2010 apparet,

248 2023 341 2056 servi
369 2021 587 2055 mentionem
606 2021 687 2054 huic
705 2022 1005 2066 argumentationi
1025 2021 1156 2056 abesse
1181 2033 1254 2056 non
1280 2022 1455 2067 potuisse.
1505 2021 1731 2067 Hirsrhigius

248 2078 347 2127 quod
385 2085 557 2126 praeterea
593 2078 613 2112 l.
645 2077 668 2112 l.
706 2076 751 2111 de
788 2077 854 2112 τοῦ
887 2075 1092 2124 ἀνθρώπου
1118 2078 1153 2112 in
1178 2076 1244 2112 τοῦ
1269 2077 1398 2125 ἑτέρου
1422 2076 1627 2124 ἀνθρώπου
1652 2088 1729 2112 mu-

248 2137 360 2172 tando
403 2137 562 2183 loquitur
586 2135 641 2170 cll.
668 2134 686 2180 ξ
713 2136 759 2169 42
784 2134 914 2170 ἔπειτα
939 2132 970 2169 δ’
998 2132 1017 2169 ὁ
1044 2133 1171 2182 ἕτερος
1194 2132 1397 2181 ἅνθρωπος
1420 2132 1513 2175 κτλ,
1543 2145 1730 2182 perperam

249 2195 359 2229 verba
384 2194 480 2228 facit.
528 2193 572 2227 H.
596 2192 618 2226 l.
643 2193 735 2226 enim
762 2189 781 2226 ὃ
810 2189 1013 2238 ἅνθρωπος
1036 2203 1162 2226 servus
1190 2192 1403 2237 intelligitur,
1435 2192 1469 2225 in
1496 2191 1514 2237 ἓ
1540 2193 1587 2226 42
1612 2189 1631 2225 ὁ
1656 2190 1732 2225 ἕτε-

250 2263 316 2299 ρος
341 2247 545 2298 ἅνθρωπος
569 2250 756 2296 ingenuus.
805 2248 914 2291 Quod
940 2249 974 2283 in
1000 2250 1060 2291 iis,
1086 2260 1164 2297 quae
1183 2255 1393 2296 sequuntur,
1419 2249 1511 2285 idem
1530 2250 1581 2285 vir
1598 2249 1730 2284 doctus

251 2314 334 2342 ante
358 2306 424 2340 τοῦ
451 2303 650 2351 φεύγοντος
677 2306 858 2339 excidisse
884 2313 987 2351 putat
1016 2308 1307 2353 praepositionem
1331 2306 1469 2354 πρός,
1498 2308 1731 2353 probabiliter

251 2365 425 2412 disputat.

346 2424 391 2456 3⁶2
440 2420 529 2456 Inde
556 2432 577 2455 a
602 2419 621 2466 §
647 2419 692 2455 64
721 2418 908 2454 verisimile
934 2425 992 2454 est
1015 2420 1082 2455 τὰς
1116 2418 1420 2469 προκαταλήψεις
1456 2424 1523 2458 τὰς
1553 2419 1625 2457 ὑπὸ
1656 2421 1732 2458 τῶν

250 2479 426 2515 ἐναντίων
452 2479 650 2525 εἰρημένας
674 2478 840 2525 incipere.

345 2537 391 2571 33
439 2539 463 2581 §
490 2536 535 2569 66
561 2534 600 2569 ἐν
622 2534 740 2580 τούτῳ
781 2528 844 2569 οὖν
873 2532 1041 2570 οἷναίτιός
1078 2530 1175 2579 εἶμι,
1214 2534 1278 2570 οὐκ
1311 2534 1376 2571 ἐὰν
1406 2537 1458 2582 μὴ
1492 2535 1630 2584 ἓξεὺρω
1656 2534 1730 2581 ὅτῳ

247 2593 379 2643 τρόπῳ
418 2590 565 2639 ἀφανής
601 2591 700 2627 ἐστιν
734 2590 759 2636 ἢ
795 2589 986 2626 ἀπόλωλεν
1017 2589 1130 2639 ἀνήρ,
1158 2590 1231 2627 ἀλλ’
1257 2591 1294 2627 εἷ
1314 2592 1390 2628 κτλ.
1438 2594 1653 2628 particulam
1677 2592 1729 2639 μή

248 2662 337 2699 post
379 2649 445 2686 ἐάν
485 2650 700 2684 collocatam
742 2656 841 2685 recte
884 2649 1079 2684 defendere
1119 2650 1260 2685 videtur
1295 2651 1468 2686 Maetzner
1504 2663 1539 2697 p.
1569 2650 1640 2685 230
1675 2663 1731 2698 sq.

250 2709 360 2752 Quod
387 2721 472 2745 vero
499 2708 602 2743 uncis
628 2708 776 2743 includit
801 2707 985 2754 delerique
1023 2707 1097 2742 vult
1132 2708 1239 2742 verba
1264 2706 1291 2751 ἢ
1313 2705 1517 2749 ἀπόλωλεν,
1547 2719 1619 2744 non
1646 2720 1735 2743 con-
