1938 3153
363 136 420 179 20

304 249 419 292 licet.
481 248 615 302 Quod
648 249 687 291 si
718 265 775 292 ex
805 251 929 292 vocis
961 250 1102 307 ipsius
1134 249 1348 304 ἐπιλόγου
1379 249 1691 293 construendae
1719 263 1786 292 ra-

305 318 425 360 tione
455 316 643 374 aliisque
673 316 720 360 id
750 332 891 376 genus
924 317 1042 376 apud
1075 318 1349 375 posteriores
1379 317 1582 361 rhetores
1614 318 1671 361 de
1705 317 1789 361 hac

307 402 355 429 re
400 387 642 443 conjectari
687 394 859 443 potest,
899 388 980 430 has
1018 394 1109 429 tres
1141 388 1354 430 orationis
1388 393 1535 443 partes
1566 402 1592 429 a
1623 387 1790 429 Corace

304 460 510 510 receptas
533 468 634 496 esse
656 455 951 511 colligendum
975 462 1060 502 est,
1081 456 1334 511 προοίμιον,
1354 454 1500 509 λόγον,
1510 454 1546 480 ⁷³
1566 453 1787 507 ἐπίλογον.

306 522 407 565 Hoc
439 524 477 565 si
511 538 661 565 verum
693 529 782 572 est,
810 521 941 575 λόγος
970 524 1013 564 in
1046 523 1198 579 plures
1231 523 1391 566 deinde
1415 531 1565 579 partes
1588 537 1614 564 a
1636 529 1786 578 poste-

306 590 501 631 rioribus
534 590 640 631 artis
672 590 906 632 rhetoricae
937 591 1159 647 magistris
1192 591 1362 633 divisus
1396 598 1438 633 et
1484 590 1612 647 quasi
1658 589 1786 632 didu-

307 664 406 701 ctus
438 657 577 700 fuisse
608 658 891 701 arbitrandus
924 667 1004 701 est.
1064 660 1177 702 Post
1209 658 1418 702 Coracem
1450 670 1594 701 autem
1625 658 1667 699 in
1690 672 1788 699 ora-

307 726 474 767 tionum
523 725 819 781 dispositione
865 727 1175 768 constituenda
1220 726 1423 768 rhetores
1456 725 1568 767 duas
1600 724 1788 782 ingressi

309 794 517 837 videntur
564 809 666 837 esse
712 795 829 845 vias,
876 810 1059 851 quarum
1092 810 1220 838 unam
1253 794 1473 851 persecuti
1506 802 1608 837 sunt
1638 793 1788 837 Theo-

285 860 451 904 dorus
484 869 528 905 et
558 861 838 913 Theodorei,
869 863 1052 906 alteram
1082 863 1303 906 Isocrates
1336 869 1376 905 et
1410 862 1483 918 qui
1515 862 1569 904 ab
1592 861 1669 904 illo
1686 875 1786 918 pro·

309 930 414 974 fecti
460 938 577 974 sunt.
636 930 815 974 Priores
860 932 923 973 illi
968 933 1029 974 ita
1075 931 1412 987 dispositionem
1446 931 1711 979 tractabant,
1741 939 1791 972 ut

310 1013 419 1047 non,
451 1012 552 1054 quae
575 1007 724 1053 partes
746 999 958 1040 universae
980 999 1192 1041 orationis
1218 1004 1386 1047 essent,
1403 1004 1667 1053 quaererent,
1686 996 1788 1045 sed,

311 1081 411 1123 quae
441 1067 644 1121 partibus
680 1068 1010 1109 continerentur
1041 1067 1167 1122 quasi
1200 1068 1345 1123 capita
1374 1067 1561 1115 minora,
1587 1065 1791 1121 explora-

310 1140 419 1175 rent.
481 1132 590 1174 Inde
629 1132 862 1175 Theodori
901 1134 975 1174 illa
1029 1133 1188 1175 divisio
1223 1134 1435 1175 orationis
1466 1133 1508 1174 in
1539 1133 1792 1189 προοίμιον,

310 1200 628 1260 προδιήγησιν,
657 1200 885 1260 διήγησιν,
929 1200 1235 1260 ἐπιδιήγησιν,
1263 1201 1524 1258 μαρτυρίας,
1553 1199 1788 1259 τεκμήρια,

310 1269 474 1322 εἰκότα,
505 1269 699 1322 ἔλεγχον,
729 1260 1036 1321 ἐπεξέλεγχὸν,
1067 1269 1201 1310 κτλἎ.
1248 1270 1313 1311 Cf.
1344 1269 1455 1311 Plat.
1486 1269 1662 1311 Phaedr.
1694 1269 1791 1311 266.

311 1338 366 1381 D.
413 1338 600 1380 Aristot.
645 1336 773 1379 Rhet.
819 1337 901 1387 ΙΙΙ,
938 1337 1000 1378 13.
1061 1337 1267 1394 Spengel.
1307 1338 1420 1379 Artt.
1451 1337 1630 1393 Scriptt.
1661 1352 1703 1393 p.
1735 1336 1791 1379 92

313 1420 380 1461 sq.
414 1405 673 1447 Stallbaum.
705 1405 761 1446 ad
794 1405 907 1446 Plat.
939 1404 1114 1446 Phaedr.
1152 1419 1194 1460 p.
1226 1405 1322 1447 267.
1384 1405 1477 1447 Has
1508 1405 1551 1446 in
1581 1405 1791 1446 infinitam

311 1472 405 1515 fere
435 1472 623 1529 partium
667 1471 988 1514 multitudinem
1022 1472 1263 1514 divisiones
1296 1473 1517 1514 Isocrates
1550 1472 1792 1515 Isocratea-

314 1557 401 1597 que
431 1541 595 1583 familia
626 1540 783 1582 morati
815 1540 993 1582 tandem
1026 1549 1141 1583 sunt.
1203 1541 1289 1593 Qui
1321 1541 1533 1583 orationis
1566 1548 1715 1596 partes
1746 1541 1791 1583 in

312 1608 580 1651 mediocrem
603 1606 823 1662 quendam
849 1622 1073 1649 numerum
1097 1608 1362 1665 redegerunt
1379 1615 1660 1663 quatuorque
1677 1623 1794 1650 sum-

313 1685 500 1732 pserunt
531 1690 651 1723 esse,
681 1676 942 1730 προοίμιον,
973 1675 1197 1733 διήγησιν,
1229 1677 1416 1728 πίστεις,
1447 1675 1667 1727 ἐπίλογον.
1728 1675 1793 1717 Cf.

316 1743 522 1799 Spengel.
556 1744 668 1785 Artt.
700 1742 880 1798 Scriptt.
913 1758 955 1799 p.
991 1743 1227 1786 156-159.
1290 1743 1458 1785 Horum
1481 1756 1586 1784 vero
1604 1742 1794 1784 omnium

318 1810 517 1866 vestigiis
563 1810 625 1851 ita
655 1810 951 1852 Anaximenes
990 1811 1206 1852 institisse
1237 1810 1422 1859 videtur,
1453 1818 1502 1852 ut
1532 1811 1695 1852 nullius
1727 1825 1793 1852 ra-

316 1879 481 1919 tionem
527 1891 615 1918 non
656 1877 857 1927 haberet,
891 1892 944 1918 ex
977 1878 1097 1919 nullo
1130 1885 1275 1920 autem
1307 1885 1428 1920 totus
1461 1877 1684 1934 penderet.
1745 1878 1794 1919 In

316 1946 524 1988 suasione
572 1945 684 1986 enim
717 1954 760 1986 et
791 1945 1073 1987 dissuasione
1102 1947 1342 2003 προοίμιον
1373 1953 1417 1987 et
1450 1942 1720 1998 ἀπαγγελίαν
1752 1953 1797 1987 et

318 2014 557 2069 βεβαίωσιν
588 2022 631 2055 et
661 2013 1008 2071 προκατάληψιν
1038 2014 1185 2056 inesse
1216 2013 1497 2062 monstravit,
1529 2014 1585 2055 de
1617 2014 1794 2070 epilogo

410 2127 456 2161 73
506 2127 561 2162 Cf.
588 2128 705 2161 Anax.
730 2139 765 2173 p.
793 2127 872 2168 228,
899 2129 930 2161 2.
957 2127 1036 2168 234,
1062 2128 1094 2160 1.
1120 2127 1290 2173 Prolegg.
1315 2126 1422 2160 Rhet.
1448 2126 1512 2168 1V,
1538 2126 1593 2167 12,
1610 2127 1652 2161 14
1680 2127 1795 2162 VValz.

317 2184 399 2219 Hoc
425 2184 581 2219 sirecte
620 2196 660 2218 se
697 2184 824 2226 habet,
861 2186 920 2220 ubi
957 2186 1164 2220 narratione
1203 2196 1295 2231 opus
1333 2191 1451 2226 esset,
1488 2196 1564 2219 eam
1592 2184 1712 2220 Corax
1736 2193 1797 2221 aut

316 2240 412 2288 λόγῳ
439 2249 517 2284 aut,
543 2242 579 2276 id
607 2242 706 2288 quod
734 2255 753 2276 a
778 2243 851 2277 veri
877 2243 1106 2278 similitudine
1144 2255 1215 2277 non
1240 2243 1290 2277 ita
1315 2242 1466 2277 alienum
1493 2248 1569 2285 est,
1604 2244 1796 2290 προοιμίῳ

315 2297 567 2341 (καταστάσει)
592 2299 732 2334 videtur
755 2300 957 2335 inclusisse.

416 2359 474 2399 74)
523 2356 621 2392 Addi
646 2358 781 2404 poterit
806 2355 977 2404 ἐπίλογος
1001 2369 1132 2404 eaque,
1170 2370 1248 2403 quae
1273 2357 1441 2393 credibile
1466 2363 1523 2393 est
1549 2370 1569 2393 a
1593 2358 1794 2393 Theodoro

319 2414 442 2448 addita
468 2416 615 2461 epilogo
654 2415 708 2449 vel
748 2415 940 2461 conjuncta
978 2426 1073 2449 esse.
1134 2414 1226 2448 Nam
1252 2426 1297 2448 ex
1321 2415 1485 2449 universa
1518 2416 1696 2450 sermonis
1723 2415 1796 2449 So·-

319 2470 438 2504 cratici
464 2471 703 2518 perpetuitate
741 2477 910 2520 apparet,
946 2483 1019 2506 non
1058 2472 1176 2506 omnia
1214 2482 1257 2506 ea
1293 2471 1466 2507 orationis
1505 2472 1680 2513 membra,
1718 2483 1796 2519 quae

320 2528 540 2563 Theodorus
567 2537 772 2576 receperat,
800 2542 884 2565 esse
912 2537 1135 2570 enumerata,
1163 2529 1229 2564 sed
1250 2542 1309 2572 ea,
1335 2543 1412 2577 quze
1443 2532 1648 2572 afferuntur,
1674 2542 1795 2565 exem-

318 2585 366 2632 pli
392 2596 504 2620 causa
536 2586 669 2628 afferri,
707 2600 779 2635 quo
818 2588 916 2623 facto
956 2586 1096 2622 videtur
1132 2587 1371 2634 philosophus
1411 2588 1457 2622 ad
1495 2588 1562 2622 alia
1598 2587 1797 2623 Theodoro

319 2644 446 2679 similia
471 2645 624 2680 transire
649 2646 823 2692 exempla.
