1938 3153
233 169 291 213 34

451 282 533 333 ΙΙΙ,
562 285 653 326 a.⁹⁸
1229 291 1310 343 111,
1339 292 1379 349 β.

233 375 553 430 Προοίμιον.
991 379 1294 438 Προοίμιον
1323 383 1347 439 ξ
1382 382 1503 427 1-2.

172 444 199 483 1.
261 440 420 485 Causae
451 457 535 493 eae,
557 458 656 499 quae
678 459 768 501 quo
790 446 832 488 in
847 447 920 503 ju·
933 452 959 490 1.
1020 447 1165 501 Quum
1188 451 1364 506 quietus
1384 451 1493 494 civis
1514 451 1673 496 aforo·
1695 447 1757 496 7¹·

258 513 307 540 re
339 500 448 549 sint,
479 501 591 543 inter
623 516 775 544 omnes
816 518 919 547 con·
1020 519 1106 561 que
1137 506 1305 549 alienus
1337 509 1440 559 sim,
1471 524 1560 552 non
1590 510 1672 552 nisi

259 563 369 605 stat,
400 558 473 599 vel
505 557 677 613 legibus
700 567 743 601 et
764 561 917 604 suffra·
1020 564 1283 605 necessitate
1295 572 1477 608 coactus
1491 565 1547 608 ad
1559 566 1672 608 hane

259 613 343 670 giis
391 614 708 670 dijudicantur3
745 631 828 668 eae,
862 620 916 661 de
1019 634 1195 662 causam
1214 620 1671 666 dicendamaccedow.

256 671 421 725 quibus
477 674 784 715 controversia
828 685 915 718 est.
1017 676 1042 732 §
1067 677 1098 718 l.
1119 676 1233 734 πρὸς
1253 677 1440 721 εὔνοιαν.
1470 679 1533 722 Cf.
1556 680 1670 722 Ana-

258 742 345 769 non
367 727 481 769 item.
500 726 578 771 ἐπὶ
593 727 644 771 τὸ
662 735 915 787 προσέχειν.
1019 734 1118 776 xim.
1141 734 1237 785 217,
1266 736 1326 778 19.
1349 736 1446 784 230,
1474 737 1523 779 17
1545 752 1610 794 sq.

256 783 491 841 πρόθεσις.
509 785 534 841 §
559 787 591 828 l.
623 787 713 830 init.
929 794 973 832 ll.
1012 790 1235 834 Defensor
1256 807 1352 834 sum
1373 794 1417 834 in
1434 808 1579 843 causa,
1597 808 1670 836 cu·

1010 847 1087 904 jus
1118 863 1199 891 nec
1239 850 1563 905 cognoscendae
1593 864 1673 893 neo

1018 905 1217 948 dieendae
1234 907 1444 948 rationem
1477 908 1585 949 satis
1602 922 1672 948 as-

1017 969 1197 1003 secutus
1215 963 1308 1004 sim.
1339 967 1364 1014 S
1383 965 1414 1004 1.
1432 963 1664 1019 πρόθεσις.

929 1020 988 1059 111.
1022 1018 1169 1071 Quare
1200 1019 1257 1061 ad
1289 1019 1557 1062 clementiam
1594 1035 1666 1062 ve·
1692 1017 1756 1064 73·

1017 1083 1165 1124 stram,
1175 1076 1365 1131 judices,
1383 1077 1589 1133 confugio
1605 1086 1669 1118 at-

1019 1146 1105 1187 que
1122 1146 1224 1180 oro,
1246 1140 1306 1180 ut,
1328 1133 1364 1174 si
1388 1148 1505 1176 novo
1528 1148 1671 1191 eoque

1016 1190 1151 1245 paulo
1197 1190 1429 1232 subtiliore
1494 1191 1668 1234 dicendi

1014 1260 1175 1300 genere
1205 1254 1316 1294 utar,
1343 1262 1395 1287 ne
1416 1247 1580 1289 idcirco
1600 1262 1669 1289 me

1015 1316 1150 1345 causa
1171 1303 1330 1345 cadere
1356 1303 1531 1353 sinatis,
1559 1319 1668 1347 neve

1015 1374 1068 1400 ex
1091 1361 1296 1416 opinione
1304 1360 1519 1416 judicium
1537 1361 1669 1403 facia-

1015 1417 1091 1462 tis,
1109 1430 1195 1458 non
1213 1428 1269 1458 ex
1283 1418 1344 1458 rei
1363 1414 1491 1459 factae
1509 1418 1669 1459 verita-

1012 1472 1167 1529 te.¹⁰⁰§
1186 1473 1223 1516 2.
1255 1472 1333 1516 ἐπὶ
1349 1472 1399 1515 τὸ
1415 1476 1668 1530 προσέχειν.

187 1584 242 1619 cll.
270 1584 303 1618 T
305 1584 385 1619 huc.
411 1587 438 1626 Ι,
464 1584 519 1618 36.
568 1583 684 1630 Hujus
711 1583 973 1620 emendationis
1010 1585 1257 1621 defensionem
1288 1587 1321 1621 in
1354 1593 1521 1621 accurata
1546 1587 1604 1622 illa
1630 1593 1667 1622 et

187 1641 348 1687 perfecta
373 1642 471 1688 apud
498 1642 756 1687 Antiphontem
782 1643 1022 1677 membrorum
1047 1645 1305 1678 enunciationis
1331 1645 1423 1678 inter
1448 1656 1488 1678 se
1514 1652 1667 1679 conten-

187 1698 287 1733 tione
311 1699 469 1745 positam
494 1699 568 1733 vult
593 1699 645 1733 vir
670 1698 819 1738 doctus,
845 1700 910 1733 nisi
937 1699 1031 1734 forte
1058 1701 1279 1735 contentioni
1304 1701 1352 1735 illi
1375 1700 1458 1745 plus
1478 1700 1582 1745 justo
1604 1702 1666 1735 tri-

187 1755 275 1789 buit.
323 1754 411 1790 Mihi
435 1755 576 1791 videtur
600 1762 661 1790 aut
685 1755 834 1789 Bekkeri
861 1755 1066 1791 emendatio
1089 1756 1279 1802 probanda
1311 1763 1370 1791 aut
1399 1778 1439 1783 —
1467 1757 1565 1803 quod
1591 1758 1667 1791 for-

186 1817 291 1847 tasse
316 1812 540 1858 probabilius
567 1818 625 1846 est
652 1832 693 1837 -
720 1822 786 1857 pro
811 1811 1028 1847 HAYGAI
1046 1813 1237 1859 legendum
1261 1812 1489 1848 HAHC'AI.

284 1868 330 1904 94
377 1869 501 1916 incipit
526 1868 561 1904 in
586 1868 605 1915 §
632 1870 654 1904 4
680 1869 723 1903 ab
749 1868 804 1903 his
830 1868 965 1903 verbis:
993 1872 1084 1915 φασὶ
1110 1866 1151 1904 δέ
1174 1867 1251 1904 τῶν
1274 1868 1343 1914 μὲν
1366 1866 1444 1903 κτλ.

283 1927 328 1960 95
378 1926 396 1971 §
425 1927 457 1963 5.
481 1924 623 1960 τούτων
647 1922 688 1960 δὲ
715 1923 855 1970 μᾶλλον
877 1924 902 1959 ἃ
925 1921 1023 1961 εἰκὸς
1037 1920 1083 1969 ἧν
1106 1924 1323 1973 δρασάντων
1346 1922 1388 1960 οἰ
1405 1925 1474 1970 μὲν
1500 1925 1561 1960 ἐπὶ
1583 1928 1666 1964 τοῖς

188 1981 353 2028 ἱματίοις
381 1981 674 2028 διαφθείραντες
698 1980 830 2017 aevom·
854 1979 919 2016 οὐκ
952 1980 998 2015 ἂν
1028 1981 1083 2016 ἔτι
1120 1978 1272 2017 εἰκότως
1304 1979 1492 2026 ἀφίοιντο,
1521 1981 1591 2029 ἐγώ
1622 1981 1665 2018 δὲ

188 2037 423 2086 ἀπήλλαγμαι
444 2037 511 2083 τῆς
536 2037 715 2086 ὑποψίας.
764 2038 843 2074 Nec
868 2039 1003 2074 Reiskii
1030 2038 1135 2084 hujus
1173 2039 1244 2073 loci
1280 2038 1536 2084 interpretandi
1573 2041 1665 2074 ratio

186 2097 333 2143 probari
358 2096 432 2131 ullo
458 2096 569 2130 modo
595 2103 737 2142 potest,
775 2102 811 2131 et
843 2096 1025 2131 Maetzneri
1051 2097 1100 2130 ita
1126 2095 1268 2130 demum
1295 2107 1375 2129 vera
1400 2095 1567 2130 habenda
1592 2102 1666 2137 est,

187 2154 219 2189 si
241 2152 384 2188 τούτων
407 2154 607 2200 ”pertinere
634 2153 679 2187 ad
694 2164 771 2194 eos,
797 2165 890 2200 quos
910 2152 997 2188 caedi
1014 2153 1250 2187 intervenisse
1268 2159 1381 2199 ponat
1398 2152 1542 2186 orater'’
1567 2159 1666 2187 recte

188 2210 326 2245 dixisse
352 2209 488 2244 dicitur.
538 2209 667 2256 Neque
693 2222 783 2245 sana
807 2211 873 2245 erit
897 2210 1003 2257 hujus
1030 2210 1098 2245 loci
1125 2210 1315 2251 sententia,
1340 2210 1407 2244 nisi
1423 2209 1529 2245 verba
1544 2221 1664 2245 emen-

188 2268 275 2303 data
300 2273 414 2302 erunt.
463 2266 561 2301 Ante
586 2262 684 2301 εἰκός
708 2268 895 2302 verisimile
920 2273 978 2302 est
1003 2266 1081 2301 οὐκ
1105 2267 1301 2308 excidisse,
1328 2267 1426 2313 quod
1456 2267 1558 2302 facile
1589 2268 1663 2303 fieri

187 2325 308 2372 potuit
324 2329 476 2371 propter
493 2324 709 2370 syllabarum
735 2320 803 2358 εἶκ
828 2330 863 2359 et
888 2322 968 2358 οὔκ
992 2324 1266 2359 similitudinem.
1316 2322 1397 2365 Quo
1423 2323 1519 2359 facto
1538 2330 1664 2371 aperta

189 2382 235 2416 ad
260 2381 532 2428 intelligendum
558 2387 662 2415 erunt
688 2382 823 2423 omnia3
849 2383 903 2416 sin
929 2381 1063 2421 minus,
1095 2392 1167 2414 non
1201 2387 1314 2414 erunt.
1363 2380 1432 2422 Hi,
1458 2383 1528 2428 qui
1556 2381 1663 2416 caedi

187 2439 497 2473 intervenisse
523 2437 746 2479 dicuntur,
772 2439 809 2473 si
834 2438 877 2473 id
901 2437 1140 2477 fecissent,
1167 2436 1285 2483 quod
1309 2438 1553 2474 verisimile
1577 2450 1664 2473 non

189 2501 260 2531 est
283 2497 360 2538 (int.
385 2506 450 2529 eos
476 2495 626 2536 fecisse,
650 2496 670 2530 i.
696 2507 726 2532 e.
753 2496 784 2530 si
810 2495 1087 2542 cognovissent,
1124 2494 1183 2540 qui
1221 2499 1346 2529 essent
1382 2495 1666 2536 interfectores),

186 2564 267 2588 nec
292 2552 497 2587 latrones
534 2554 788 2588 etiamnunc
824 2551 959 2588 liberi
997 2557 1172 2593 essent,
1208 2558 1250 2586 et
1287 2563 1367 2599 ego
1400 2551 1666 2598 suspicione

187 2611 409 2646 liberatus
428 2610 517 2658 jam
543 2621 696 2646 essem.
746 2611 800 2647 De
825 2611 1016 2647 verborum
1042 2608 1160 2645 modis
1193 2609 1236 2644 cf.
1262 2609 1437 2657 Krueger.
1463 2608 1524 2644 Gr.
1551 2607 1613 2644 Gr.
1638 2609 1667 2651 1,

191 2669 247 2710 65,
273 2671 305 2709 5,
329 2667 363 2702 6.

1931 2262 1938 2367 *dm*
1933 2179 1937 2243 „...„„
1934 2111 1938 2153 m,
