<?xml version="1.0" encoding="UTF-8"?>
<!DOCTYPE html PUBLIC "-//W3C//DTD XHTML 1.0 Transitional//EN"
    "http://www.w3.org/TR/xhtml1/DTD/xhtml1-transitional.dtd">
<html xmlns="http://www.w3.org/1999/xhtml" xml:lang="en" lang="en">
 <head>
  <title>
</title>
<meta http-equiv="Content-Type" content="text/html;charset=utf-8" />
  <meta name='ocr-system' content='tesseract 3.04.00' />
  <meta name='ocr-capabilities' content='ocr_page ocr_carea ocr_par ocr_line ocrx_word'/>
</head>
<body>
  <div class='ocr_page' id='page_1' title='image "./4626091_0053.png"; bbox 0 0 1938 3153; ppageno 0'>
   <div class='ocr_carea' id='block_1_1' title="bbox 1610 166 1664 211">
    <p class='ocr_par' dir='ltr' id='par_1_1' title="bbox 1610 166 1664 211">
     <span class='ocr_line' id='line_1_1' title="bbox 1610 166 1664 211; baseline -0.056 0"><span class='ocrx_word' id='word_1_1' title='bbox 1610 166 1664 211; x_wconf 81' lang='lat'><strong>41</strong></span> 
     </span>
    </p>
   </div>
   <div class='ocr_carea' id='block_1_2' title="bbox 241 339 1734 2742">
    <p class='ocr_par' dir='ltr' id='par_1_2' title="bbox 249 339 1730 570">
     <span class='ocr_line' id='line_1_2' title="bbox 344 339 1730 396; baseline -0.004 -14"><span class='ocrx_word' id='word_1_2' title='bbox 344 373 386 382; x_wconf 88' lang='lat'><strong>.-</strong></span> <span class='ocrx_word' id='word_1_3' title='bbox 437 348 765 396; x_wconf 81' lang='grc' dir='ltr'><strong><em>ἀναποκρίτως</em></strong></span> <span class='ocrx_word' id='word_1_4' title='bbox 790 341 935 381; x_wconf 71' lang='grc' dir='ltr'><strong><em>εἶπών</em></strong></span> <span class='ocrx_word' id='word_1_5' title='bbox 960 344 981 379; x_wconf 91' lang='lat' dir='ltr'><strong>i.</strong></span> <span class='ocrx_word' id='word_1_6' title='bbox 1005 354 1036 378; x_wconf 90' lang='lat' dir='ltr'><strong>e.</strong></span> <span class='ocrx_word' id='word_1_7' title='bbox 1062 339 1128 377; x_wconf 80' lang='grc' dir='ltr'><strong>οὔκ</strong></span> <span class='ocrx_word' id='word_1_8' title='bbox 1150 339 1443 389; x_wconf 72' lang='grc' dir='ltr'><strong><em>ἀποκρινόμενος</em></strong></span> <span class='ocrx_word' id='word_1_9' title='bbox 1461 339 1551 376; x_wconf 77' lang='grc' dir='ltr'><strong><em>ἀλλὰ</em></strong></span> <span class='ocrx_word' id='word_1_10' title='bbox 1572 353 1730 388; x_wconf 78' lang='grc' dir='ltr'><strong><em>κατηγο·</em></strong></span> 
     </span>
     <span class='ocr_line' id='line_1_3' title="bbox 250 399 1728 457; baseline -0.007 -12"><span class='ocrx_word' id='word_1_11' title='bbox 250 410 329 457; x_wconf 84' lang='grc' dir='ltr'><strong>ρῶν</strong></span> <span class='ocrx_word' id='word_1_12' title='bbox 352 405 479 451; x_wconf 81' lang='grc' dir='ltr'><strong><em>εἰπών,</em></strong></span> <span class='ocrx_word' id='word_1_13' title='bbox 507 405 682 455; x_wconf 88' lang='lat' dir='ltr'><strong>siquidem</strong></span> <span class='ocrx_word' id='word_1_14' title='bbox 722 416 797 439; x_wconf 92' lang='lat' dir='ltr'><strong>non</strong></span> <span class='ocrx_word' id='word_1_15' title='bbox 833 402 1044 441; x_wconf 78' lang='lat' dir='ltr'><strong>lacessitus,</strong></span> <span class='ocrx_word' id='word_1_16' title='bbox 1080 411 1156 435; x_wconf 90' lang='lat' dir='ltr'><strong>non</strong></span> <span class='ocrx_word' id='word_1_17' title='bbox 1188 403 1427 445; x_wconf 83' lang='lat' dir='ltr'><strong>provocatus,</strong></span> <span class='ocrx_word' id='word_1_18' title='bbox 1451 399 1548 434; x_wconf 86' lang='lat' dir='ltr'><strong>nulla</strong></span> <span class='ocrx_word' id='word_1_19' title='bbox 1572 410 1728 446; x_wconf 88' lang='lat' dir='ltr'><strong>respon-</strong></span> 
     </span>
     <span class='ocr_line' id='line_1_4' title="bbox 250 452 1729 504; baseline -0.009 0"><span class='ocrx_word' id='word_1_20' title='bbox 250 466 360 503; x_wconf 86' lang='lat' dir='ltr'><strong>dendi</strong></span> <span class='ocrx_word' id='word_1_21' title='bbox 398 466 616 503; x_wconf 79' lang='lat' dir='ltr'>necessitate</span> <span class='ocrx_word' id='word_1_22' title='bbox 652 467 800 498; x_wconf 83' lang='lat' dir='ltr'><strong>coactus</strong></span> <span class='ocrx_word' id='word_1_23' title='bbox 838 460 913 496; x_wconf 83' lang='lat' dir='ltr'><strong>haec</strong></span> <span class='ocrx_word' id='word_1_24' title='bbox 950 458 1050 494; x_wconf 82' lang='lat' dir='ltr'><strong>dixit.</strong></span> <span class='ocrx_word' id='word_1_25' title='bbox 1106 456 1160 492; x_wconf 85' lang='lat' dir='ltr'><strong>Cf.</strong></span> <span class='ocrx_word' id='word_1_26' title='bbox 1183 456 1227 497; x_wconf 87' lang='lat' dir='ltr'><strong>ll,</strong></span> <span class='ocrx_word' id='word_1_27' title='bbox 1252 452 1287 497; x_wconf 82' lang='grc' dir='ltr'><strong>δ,</strong></span> <span class='ocrx_word' id='word_1_28' title='bbox 1318 456 1356 491; x_wconf 87' lang='lat'><strong>3:</strong></span> <span class='ocrx_word' id='word_1_29' title='bbox 1381 454 1446 500; x_wconf 75' lang='grc' dir='ltr'><strong>ἐμὲ</strong></span> <span class='ocrx_word' id='word_1_30' title='bbox 1474 453 1514 490; x_wconf 81' lang='grc' dir='ltr'><strong>δὲ</strong></span> <span class='ocrx_word' id='word_1_31' title='bbox 1540 455 1729 504; x_wconf 83' lang='grc' dir='ltr'><strong><em>προσῆκεν</em></strong></span> 
     </span>
     <span class='ocr_line' id='line_1_5' title="bbox 249 510 1692 570; baseline -0.009 -11"><span class='ocrx_word' id='word_1_32' title='bbox 249 521 358 559; x_wconf 77' lang='grc' dir='ltr'><strong><em>οὐδὲν</em></strong></span> <span class='ocrx_word' id='word_1_33' title='bbox 380 520 466 559; x_wconf 73' lang='grc' dir='ltr'><strong><em>ἄλλο</em></strong></span> <span class='ocrx_word' id='word_1_34' title='bbox 491 522 518 569; x_wconf 77' lang='grc' dir='ltr'><em>ἢ</em></span> <span class='ocrx_word' id='word_1_35' title='bbox 544 523 641 570; x_wconf 84' lang='grc' dir='ltr'><strong><em>πρὸς</em></strong></span> <span class='ocrx_word' id='word_1_36' title='bbox 664 522 732 564; x_wconf 76' lang='grc' dir='ltr'><strong>τήν</strong></span> <span class='ocrx_word' id='word_1_37' title='bbox 754 518 965 565; x_wconf 80' lang='grc' dir='ltr'><strong><em>μαρτυρίαν</em></strong></span> <span class='ocrx_word' id='word_1_38' title='bbox 984 514 1050 550; x_wconf 73' lang='grc' dir='ltr'><strong>τοῦ</strong></span> <span class='ocrx_word' id='word_1_39' title='bbox 1076 512 1285 549; x_wconf 74' lang='grc' dir='ltr'><strong><em>ἀκολούθου</em></strong></span> <span class='ocrx_word' id='word_1_40' title='bbox 1309 510 1593 559; x_wconf 75' lang='grc' dir='ltr'><strong><em>ἀπολογηθῆναι</em></strong></span> <span class='ocrx_word' id='word_1_41' title='bbox 1615 511 1692 547; x_wconf 80' lang='grc' dir='ltr'><strong><em>κτλ.</em></strong></span> 
     </span>
    </p>

    <p class='ocr_par' dir='ltr' id='par_1_3' title="bbox 247 567 1731 1017">
     <span class='ocr_line' id='line_1_6' title="bbox 342 567 1730 624; baseline -0.011 -6"><span class='ocrx_word' id='word_1_42' title='bbox 342 582 365 617; x_wconf 84' lang='grc'><strong>2</strong></span> <span class='ocrx_word' id='word_1_43' title='bbox 414 577 516 616; x_wconf 77' lang='grc' dir='ltr'><strong><em>οὗτοι</em></strong></span> <span class='ocrx_word' id='word_1_44' title='bbox 550 579 619 624; x_wconf 80' lang='grc' dir='ltr'><strong>μὲν</strong></span> <span class='ocrx_word' id='word_1_45' title='bbox 654 576 718 621; x_wconf 80' lang='grc' dir='ltr'><strong>οὐχ</strong></span> <span class='ocrx_word' id='word_1_46' title='bbox 755 574 868 611; x_wconf 83' lang='grc' dir='ltr'><strong><em>ὁσίως</em></strong></span> <span class='ocrx_word' id='word_1_47' title='bbox 905 572 1026 609; x_wconf 83' lang='grc' dir='ltr'><strong><em>δεῖται</em></strong></span> <span class='ocrx_word' id='word_1_48' title='bbox 1067 570 1170 617; x_wconf 72' lang='grc' dir='ltr'><strong>ὑμῶν</strong></span> <span class='ocrx_word' id='word_1_49' title='bbox 1211 569 1384 615; x_wconf 78' lang='grc' dir='ltr'><strong><em>συχνῶς</em></strong></span> <span class='ocrx_word' id='word_1_50' title='bbox 1422 571 1491 614; x_wconf 82' lang='grc' dir='ltr'><strong>τὴν</strong></span> <span class='ocrx_word' id='word_1_51' title='bbox 1525 567 1730 616; x_wconf 82' lang='grc' dir='ltr'><strong><em>ἀπολογίαν</em></strong></span> 
     </span>
     <span class='ocr_line' id='line_1_7' title="bbox 249 627 1730 681; baseline -0.007 -8"><span class='ocrx_word' id='word_1_52' title='bbox 249 634 506 681; x_wconf 78' lang='grc' dir='ltr'><strong><em>ἀποδέχεσθαι</em></strong></span> <span class='ocrx_word' id='word_1_53' title='bbox 541 634 693 670; x_wconf 80' lang='grc' dir='ltr'><strong><em>αὐτοῦ..</em></strong></span> <span class='ocrx_word' id='word_1_54' title='bbox 740 633 813 668; x_wconf 88' lang='lat' dir='ltr'><strong>Pro</strong></span> <span class='ocrx_word' id='word_1_55' title='bbox 852 630 987 675; x_wconf 75' lang='grc' dir='ltr'><strong><em>συχνῶς</em></strong></span> <span class='ocrx_word' id='word_1_56' title='bbox 1027 629 1194 665; x_wconf 80' lang='lat' dir='ltr'><strong>Reiskius</strong></span> <span class='ocrx_word' id='word_1_57' title='bbox 1231 629 1324 676; x_wconf 88' lang='lat' dir='ltr'><strong>conj.</strong></span> <span class='ocrx_word' id='word_1_58' title='bbox 1362 627 1542 673; x_wconf 75' lang='grc' dir='ltr'><strong><em>εὐμενῶς,</em></strong></span> <span class='ocrx_word' id='word_1_59' title='bbox 1587 627 1730 675; x_wconf 80' lang='lat' dir='ltr'><strong>Kayser</strong></span> 
     </span>
     <span class='ocr_line' id='line_1_8' title="bbox 248 686 1731 733; baseline -0.007 -2"><span class='ocrx_word' id='word_1_60' title='bbox 248 696 374 731; x_wconf 86' lang='lat' dir='ltr'><strong>Rhein.</strong></span> <span class='ocrx_word' id='word_1_61' title='bbox 397 694 491 729; x_wconf 87' lang='lat' dir='ltr'><strong>Mus.</strong></span> <span class='ocrx_word' id='word_1_62' title='bbox 512 693 601 733; x_wconf 85' lang='lat' dir='ltr'>XII,</span> <span class='ocrx_word' id='word_1_63' title='bbox 627 692 694 730; x_wconf 80' lang='lat'><strong>227</strong></span> <span class='ocrx_word' id='word_1_64' title='bbox 719 687 844 726; x_wconf 72' lang='grc' dir='ltr'><strong><em>εὔνως.</em></strong></span> <span class='ocrx_word' id='word_1_65' title='bbox 893 688 970 731; x_wconf 84' lang='lat' dir='ltr'><strong>Sed</strong></span> <span class='ocrx_word' id='word_1_66' title='bbox 996 687 1042 723; x_wconf 91' lang='lat' dir='ltr'><strong>de</strong></span> <span class='ocrx_word' id='word_1_67' title='bbox 1067 686 1202 730; x_wconf 78' lang='grc' dir='ltr'><strong><em>συχνῶς</em></strong></span> <span class='ocrx_word' id='word_1_68' title='bbox 1227 686 1382 722; x_wconf 89' lang='lat' dir='ltr'><strong>dubitari</strong></span> <span class='ocrx_word' id='word_1_69' title='bbox 1413 698 1486 721; x_wconf 92' lang='lat' dir='ltr'><strong>non</strong></span> <span class='ocrx_word' id='word_1_70' title='bbox 1524 687 1731 733; x_wconf 80' lang='lat' dir='ltr'><strong>oportebat.</strong></span> 
     </span>
     <span class='ocr_line' id='line_1_9' title="bbox 247 742 1730 794; baseline -0.007 -6"><span class='ocrx_word' id='word_1_71' title='bbox 247 752 288 787; x_wconf 86' lang='lat' dir='ltr'><strong>In</strong></span> <span class='ocrx_word' id='word_1_72' title='bbox 314 763 358 787; x_wconf 88' lang='lat' dir='ltr'><strong>eo</strong></span> <span class='ocrx_word' id='word_1_73' title='bbox 386 763 511 786; x_wconf 88' lang='lat' dir='ltr'><strong>omnes</strong></span> <span class='ocrx_word' id='word_1_74' title='bbox 546 751 656 786; x_wconf 85' lang='lat' dir='ltr'><strong>critici</strong></span> <span class='ocrx_word' id='word_1_75' title='bbox 682 755 718 784; x_wconf 81' lang='lat' dir='ltr'><strong>et</strong></span> <span class='ocrx_word' id='word_1_76' title='bbox 742 750 961 794; x_wconf 67' lang='lat' dir='ltr'><strong>interpretes</strong></span> <span class='ocrx_word' id='word_1_77' title='bbox 988 756 1131 780; x_wconf 83' lang='lat' dir='ltr'><strong>errasse</strong></span> <span class='ocrx_word' id='word_1_78' title='bbox 1156 744 1238 779; x_wconf 87' lang='lat' dir='ltr'><strong>mihi</strong></span> <span class='ocrx_word' id='word_1_79' title='bbox 1264 743 1439 785; x_wconf 86' lang='lat' dir='ltr'><strong>videntur,</strong></span> <span class='ocrx_word' id='word_1_80' title='bbox 1467 743 1566 790; x_wconf 86' lang='lat' dir='ltr'><strong>quod</strong></span> <span class='ocrx_word' id='word_1_81' title='bbox 1592 742 1730 786; x_wconf 66' lang='grc' dir='ltr'><strong><em>συχνοῖς</em></strong></span> 
     </span>
     <span class='ocr_line' id='line_1_10' title="bbox 249 798 1730 853; baseline -0.007 -8"><span class='ocrx_word' id='word_1_82' title='bbox 249 810 295 845; x_wconf 90' lang='lat' dir='ltr'><strong>ad</strong></span> <span class='ocrx_word' id='word_1_83' title='bbox 321 806 581 853; x_wconf 77' lang='grc' dir='ltr'><strong><em>ἀποδέχεσθαι</em></strong></span> <span class='ocrx_word' id='word_1_84' title='bbox 602 808 820 847; x_wconf 76' lang='lat' dir='ltr'><strong>retulerunt3</strong></span> <span class='ocrx_word' id='word_1_85' title='bbox 856 806 927 839; x_wconf 92' lang='lat' dir='ltr'><strong>imo</strong></span> <span class='ocrx_word' id='word_1_86' title='bbox 966 814 1052 838; x_wconf 87' lang='lat' dir='ltr'><strong>vero</strong></span> <span class='ocrx_word' id='word_1_87' title='bbox 1091 801 1137 837; x_wconf 89' lang='lat' dir='ltr'><strong>ad</strong></span> <span class='ocrx_word' id='word_1_88' title='bbox 1174 798 1296 836; x_wconf 80' lang='grc' dir='ltr'><strong><em>δεῖται</em></strong></span> <span class='ocrx_word' id='word_1_89' title='bbox 1327 801 1492 848; x_wconf 82' lang='lat' dir='ltr'><strong>pertinet.</strong></span> <span class='ocrx_word' id='word_1_90' title='bbox 1542 800 1730 847; x_wconf 84' lang='lat' dir='ltr'><strong>Significat.</strong></span> 
     </span>
     <span class='ocr_line' id='line_1_11' title="bbox 249 858 1730 907; baseline -0.006 -6"><span class='ocrx_word' id='word_1_91' title='bbox 249 866 437 901; x_wconf 82' lang='lat' dir='ltr'>assidue</span> <span class='ocrx_word' id='word_1_92' title='bbox 461 867 482 900; x_wconf 89' lang='lat' dir='ltr'><strong>i.</strong></span> <span class='ocrx_word' id='word_1_93' title='bbox 508 878 538 902; x_wconf 89' lang='lat' dir='ltr'><strong>e.</strong></span> <span class='ocrx_word' id='word_1_94' title='bbox 564 867 667 901; x_wconf 87' lang='lat' dir='ltr'><strong>enixe</strong></span> <span class='ocrx_word' id='word_1_95' title='bbox 691 865 716 899; x_wconf 90' lang='lat' dir='ltr'><strong>l.</strong></span> <span class='ocrx_word' id='word_1_96' title='bbox 738 864 896 898; x_wconf 84' lang='lat' dir='ltr'><strong>multum.</strong></span> <span class='ocrx_word' id='word_1_97' title='bbox 946 860 1155 907; x_wconf 84' lang='lat' dir='ltr'><strong>Hyperbata</strong></span> <span class='ocrx_word' id='word_1_98' title='bbox 1174 859 1270 905; x_wconf 89' lang='lat' dir='ltr'><strong>apud</strong></span> <span class='ocrx_word' id='word_1_99' title='bbox 1291 859 1545 905; x_wconf 80' lang='lat' dir='ltr'><strong>Antiphontem</strong></span> <span class='ocrx_word' id='word_1_100' title='bbox 1561 858 1730 904; x_wconf 83' lang='lat' dir='ltr'><strong>frequen-</strong></span> 
     </span>
     <span class='ocr_line' id='line_1_12' title="bbox 247 914 1731 967; baseline -0.007 -8"><span class='ocrx_word' id='word_1_101' title='bbox 247 924 391 959; x_wconf 83' lang='lat' dir='ltr'><strong>tissima</strong></span> <span class='ocrx_word' id='word_1_102' title='bbox 426 934 529 965; x_wconf 88' lang='lat' dir='ltr'><strong>esse,</strong></span> <span class='ocrx_word' id='word_1_103' title='bbox 569 933 674 958; x_wconf 81' lang='lat' dir='ltr'><strong>nemo</strong></span> <span class='ocrx_word' id='word_1_104' title='bbox 710 926 785 962; x_wconf 85' lang='lat' dir='ltr'><strong>est,</strong></span> <span class='ocrx_word' id='word_1_105' title='bbox 810 919 894 967; x_wconf 90' lang='lat' dir='ltr'><strong>quin</strong></span> <span class='ocrx_word' id='word_1_106' title='bbox 921 918 1023 954; x_wconf 83' lang='lat' dir='ltr'><strong>sciat.</strong></span> <span class='ocrx_word' id='word_1_107' title='bbox 1083 915 1249 952; x_wconf 85' lang='lat' dir='ltr'><strong>Ceterum</strong></span> <span class='ocrx_word' id='word_1_108' title='bbox 1286 915 1331 951; x_wconf 81' lang='lat' dir='ltr'><strong>cf.</strong></span> <span class='ocrx_word' id='word_1_109' title='bbox 1354 926 1414 958; x_wconf 84' lang='lat' dir='ltr'><strong>ea,</strong></span> <span class='ocrx_word' id='word_1_110' title='bbox 1438 926 1517 962; x_wconf 84' lang='lat' dir='ltr'><strong>quae</strong></span> <span class='ocrx_word' id='word_1_111' title='bbox 1543 914 1590 949; x_wconf 89' lang='lat' dir='ltr'><strong>de</strong></span> <span class='ocrx_word' id='word_1_112' title='bbox 1612 917 1640 961; x_wconf 74' lang='grc' dir='ltr'><strong><em>β</em></strong></span> <span class='ocrx_word' id='word_1_113' title='bbox 1662 914 1681 961; x_wconf 67' lang='grc' dir='ltr'><em>ξ</em></span> <span class='ocrx_word' id='word_1_114' title='bbox 1709 916 1731 949; x_wconf 82' lang='grc'>2</span> 
     </span>
     <span class='ocr_line' id='line_1_13' title="bbox 249 982 414 1017; baseline -0.012 0"><span class='ocrx_word' id='word_1_115' title='bbox 249 982 414 1017; x_wconf 77' lang='lat' dir='ltr'>diximus.</span> 
     </span>
    </p>

    <p class='ocr_par' dir='ltr' id='par_1_4' title="bbox 247 1031 1733 1195">
     <span class='ocr_line' id='line_1_14' title="bbox 324 1031 1729 1083; baseline -0.006 -10"><span class='ocrx_word' id='word_1_116' title='bbox 324 1039 366 1072; x_wconf 91' lang='lat'><strong>&#39;3</strong></span> <span class='ocrx_word' id='word_1_117' title='bbox 416 1036 525 1080; x_wconf 89' lang='lat' dir='ltr'><strong>Quod</strong></span> <span class='ocrx_word' id='word_1_118' title='bbox 551 1037 581 1071; x_wconf 90' lang='lat' dir='ltr'><strong>si</strong></span> <span class='ocrx_word' id='word_1_119' title='bbox 607 1036 747 1083; x_wconf 88' lang='lat' dir='ltr'><strong>planius</strong></span> <span class='ocrx_word' id='word_1_120' title='bbox 774 1040 811 1071; x_wconf 89' lang='lat' dir='ltr'><strong>et</strong></span> <span class='ocrx_word' id='word_1_121' title='bbox 837 1034 1036 1070; x_wconf 84' lang='lat' dir='ltr'><strong>accuratius</strong></span> <span class='ocrx_word' id='word_1_122' title='bbox 1076 1031 1302 1067; x_wconf 81' lang='lat' dir='ltr'><strong>describatur</strong></span> <span class='ocrx_word' id='word_1_123' title='bbox 1338 1032 1543 1079; x_wconf 81' lang='lat' dir='ltr'><strong>dispositio,</strong></span> <span class='ocrx_word' id='word_1_124' title='bbox 1569 1031 1610 1077; x_wconf 58' lang='grc' dir='ltr'><strong>ἐξ</strong></span> <span class='ocrx_word' id='word_1_125' title='bbox 1637 1032 1729 1065; x_wconf 80' lang='grc'><strong>3-5</strong></span> 
     </span>
     <span class='ocr_line' id='line_1_15' title="bbox 247 1088 1733 1138; baseline -0.005 -7"><span class='ocrx_word' id='word_1_126' title='bbox 247 1095 531 1131; x_wconf 82' lang='lat' dir='ltr'><strong>confutationem</strong></span> <span class='ocrx_word' id='word_1_127' title='bbox 558 1095 761 1135; x_wconf 84' lang='lat' dir='ltr'><strong>continent,</strong></span> <span class='ocrx_word' id='word_1_128' title='bbox 798 1091 840 1138; x_wconf 59' lang='grc' dir='ltr'><strong>ξς</strong></span> <span class='ocrx_word' id='word_1_129' title='bbox 868 1091 990 1126; x_wconf 80' lang='lat'>6-10</span> <span class='ocrx_word' id='word_1_130' title='bbox 1026 1088 1334 1137; x_wconf 75' lang='grc' dir='ltr'><strong><em>ἅντικατηγορίαν</em></strong></span> <span class='ocrx_word' id='word_1_131' title='bbox 1356 1090 1507 1137; x_wconf 87' lang='lat' dir='ltr'><strong>ejusque</strong></span> <span class='ocrx_word' id='word_1_132' title='bbox 1544 1089 1733 1124; x_wconf 85' lang='lat' dir='ltr'><strong>confirma-</strong></span> 
     </span>
     <span class='ocr_line' id='line_1_16' title="bbox 247 1146 1635 1195; baseline -0.007 -6"><span class='ocrx_word' id='word_1_133' title='bbox 247 1155 394 1189; x_wconf 86' lang='lat' dir='ltr'><strong>tionem.</strong></span> <span class='ocrx_word' id='word_1_134' title='bbox 444 1152 497 1188; x_wconf 82' lang='lat' dir='ltr'><strong>Cf.</strong></span> <span class='ocrx_word' id='word_1_135' title='bbox 524 1151 670 1188; x_wconf 83' lang='lat' dir='ltr'><strong>Ernest.</strong></span> <span class='ocrx_word' id='word_1_136' title='bbox 696 1150 816 1186; x_wconf 87' lang='lat' dir='ltr'><strong>Lexic.</strong></span> <span class='ocrx_word' id='word_1_137' title='bbox 844 1149 1020 1184; x_wconf 84' lang='lat' dir='ltr'><strong>Technol.</strong></span> <span class='ocrx_word' id='word_1_138' title='bbox 1049 1147 1152 1182; x_wconf 80' lang='lat' dir='ltr'><strong>Rhet.</strong></span> <span class='ocrx_word' id='word_1_139' title='bbox 1179 1147 1242 1182; x_wconf 88' lang='lat' dir='ltr'><strong>Gr.</strong></span> <span class='ocrx_word' id='word_1_140' title='bbox 1267 1160 1301 1195; x_wconf 87' lang='lat' dir='ltr'><strong>p.</strong></span> <span class='ocrx_word' id='word_1_141' title='bbox 1327 1148 1381 1182; x_wconf 74' lang='lat'><strong>27.</strong></span> <span class='ocrx_word' id='word_1_142' title='bbox 1411 1146 1490 1181; x_wconf 89' lang='lat' dir='ltr'><strong>Lat.</strong></span> <span class='ocrx_word' id='word_1_143' title='bbox 1516 1159 1551 1194; x_wconf 89' lang='lat' dir='ltr'><strong>p.</strong></span> <span class='ocrx_word' id='word_1_144' title='bbox 1580 1148 1635 1181; x_wconf 80' lang='lat'><strong>76.</strong></span> 
     </span>
    </p>

    <p class='ocr_par' dir='ltr' id='par_1_5' title="bbox 245 1201 1730 1482">
     <span class='ocr_line' id='line_1_17' title="bbox 342 1201 1728 1255; baseline -0.004 -12"><span class='ocrx_word' id='word_1_145' title='bbox 342 1209 365 1243; x_wconf 87' lang='lat'>4</span> <span class='ocrx_word' id='word_1_146' title='bbox 414 1208 454 1243; x_wconf 78' lang='grc' dir='ltr'><strong>ἐκ</strong></span> <span class='ocrx_word' id='word_1_147' title='bbox 490 1208 555 1252; x_wconf 80' lang='grc' dir='ltr'><strong>τῆς</strong></span> <span class='ocrx_word' id='word_1_148' title='bbox 595 1206 781 1255; x_wconf 79' lang='grc' dir='ltr'><strong><em>ἁμαρτίας</em></strong></span> <span class='ocrx_word' id='word_1_149' title='bbox 821 1206 1005 1252; x_wconf 76' lang='grc' dir='ltr'><strong>ὁποτέρου</strong></span> <span class='ocrx_word' id='word_1_150' title='bbox 1041 1203 1161 1239; x_wconf 76' lang='grc' dir='ltr'><strong><em>αὐτῶν</em></strong></span> <span class='ocrx_word' id='word_1_151' title='bbox 1192 1202 1292 1238; x_wconf 77' lang='grc' dir='ltr'><strong><em>ἐστιν</em></strong></span> <span class='ocrx_word' id='word_1_152' title='bbox 1314 1205 1389 1247; x_wconf 81' lang='lat' dir='ltr'><strong>(int.</strong></span> <span class='ocrx_word' id='word_1_153' title='bbox 1414 1201 1437 1248; x_wconf 85' lang='grc' dir='ltr'><strong><em>ἦ</em></strong></span> <span class='ocrx_word' id='word_1_154' title='bbox 1465 1201 1647 1250; x_wconf 84' lang='grc' dir='ltr'><strong><em>ἁμαρτία)</em></strong></span> <span class='ocrx_word' id='word_1_155' title='bbox 1673 1203 1728 1238; x_wconf 77' lang='grc' dir='ltr'><strong>ἔτι</strong></span> 
     </span>
     <span class='ocr_line' id='line_1_18' title="bbox 246 1258 1727 1312; baseline -0.005 -11"><span class='ocrx_word' id='word_1_156' title='bbox 246 1278 293 1312; x_wconf 79' lang='grc' dir='ltr'><strong>γε</strong></span> <span class='ocrx_word' id='word_1_157' title='bbox 318 1266 415 1310; x_wconf 90' lang='lat' dir='ltr'><strong>(nam</strong></span> <span class='ocrx_word' id='word_1_158' title='bbox 454 1266 507 1300; x_wconf 88' lang='lat' dir='ltr'><strong>sic</strong></span> <span class='ocrx_word' id='word_1_159' title='bbox 544 1264 749 1311; x_wconf 87' lang='lat' dir='ltr'><strong>legendum)</strong></span> <span class='ocrx_word' id='word_1_160' title='bbox 788 1264 1017 1309; x_wconf 77' lang='grc' dir='ltr'><strong><em>σαφέστερον</em></strong></span> <span class='ocrx_word' id='word_1_161' title='bbox 1043 1259 1063 1295; x_wconf 86' lang='grc' dir='ltr'><em>ὃ</em></span> <span class='ocrx_word' id='word_1_162' title='bbox 1090 1261 1223 1306; x_wconf 77' lang='grc' dir='ltr'><strong><em>φονεὺς</em></strong></span> <span class='ocrx_word' id='word_1_163' title='bbox 1260 1258 1464 1306; x_wconf 75' lang='grc' dir='ltr'><strong><em>ἐλεγχθείη,</em></strong></span> <span class='ocrx_word' id='word_1_164' title='bbox 1490 1260 1510 1294; x_wconf 90' lang='lat' dir='ltr'><strong>i.</strong></span> <span class='ocrx_word' id='word_1_165' title='bbox 1542 1272 1573 1294; x_wconf 86' lang='lat' dir='ltr'><strong>e.</strong></span> <span class='ocrx_word' id='word_1_166' title='bbox 1605 1270 1651 1295; x_wconf 84' lang='lat' dir='ltr'><strong>ex</strong></span> <span class='ocrx_word' id='word_1_167' title='bbox 1681 1272 1727 1295; x_wconf 87' lang='lat' dir='ltr'><strong>eo</strong></span> 
     </span>
     <span class='ocr_line' id='line_1_19' title="bbox 248 1318 1730 1370; baseline -0.004 -11"><span class='ocrx_word' id='word_1_168' title='bbox 248 1325 349 1370; x_wconf 74' lang='grc' dir='ltr'><strong><em>ἰρεο,</em></strong></span> <span class='ocrx_word' id='word_1_169' title='bbox 374 1329 454 1357; x_wconf 89' lang='lat' dir='ltr'><strong>uter</strong></span> <span class='ocrx_word' id='word_1_170' title='bbox 480 1334 604 1357; x_wconf 86' lang='lat' dir='ltr'><strong>eorum</strong></span> <span class='ocrx_word' id='word_1_171' title='bbox 629 1321 816 1361; x_wconf 83' lang='lat' dir='ltr'><strong>erraverit,</strong></span> <span class='ocrx_word' id='word_1_172' title='bbox 841 1320 946 1354; x_wconf 79' lang='lat' dir='ltr'><strong>etiam</strong></span> <span class='ocrx_word' id='word_1_173' title='bbox 971 1318 1185 1353; x_wconf 85' lang='lat' dir='ltr'><strong>luculentius</strong></span> <span class='ocrx_word' id='word_1_174' title='bbox 1211 1324 1379 1363; x_wconf 80' lang='lat' dir='ltr'><strong>apparet,</strong></span> <span class='ocrx_word' id='word_1_175' title='bbox 1416 1318 1496 1364; x_wconf 87' lang='lat' dir='ltr'><strong>quis</strong></span> <span class='ocrx_word' id='word_1_176' title='bbox 1522 1319 1569 1352; x_wconf 91' lang='lat' dir='ltr'><strong>sit</strong></span> <span class='ocrx_word' id='word_1_177' title='bbox 1595 1318 1643 1359; x_wconf 91' lang='lat' dir='ltr'><strong>is,</strong></span> <span class='ocrx_word' id='word_1_178' title='bbox 1669 1319 1730 1365; x_wconf 88' lang='lat' dir='ltr'><strong>qui</strong></span> 
     </span>
     <span class='ocr_line' id='line_1_20' title="bbox 245 1374 1727 1423; baseline -0.003 -9"><span class='ocrx_word' id='word_1_179' title='bbox 245 1379 379 1414; x_wconf 75' lang='lat' dir='ltr'><strong>caedem</strong></span> <span class='ocrx_word' id='word_1_180' title='bbox 405 1380 595 1413; x_wconf 82' lang='lat' dir='ltr'><strong>commisit.</strong></span> <span class='ocrx_word' id='word_1_181' title='bbox 644 1377 700 1411; x_wconf 84' lang='lat' dir='ltr'><strong>Ita</strong></span> <span class='ocrx_word' id='word_1_182' title='bbox 720 1376 796 1423; x_wconf 76' lang='lat' dir='ltr'><strong>jam</strong></span> <span class='ocrx_word' id='word_1_183' title='bbox 822 1376 1013 1423; x_wconf 84' lang='lat' dir='ltr'><strong>explicavit</strong></span> <span class='ocrx_word' id='word_1_184' title='bbox 1036 1374 1228 1409; x_wconf 87' lang='lat' dir='ltr'><strong>Dobreeus</strong></span> <span class='ocrx_word' id='word_1_185' title='bbox 1255 1374 1410 1409; x_wconf 85' lang='lat' dir='ltr'><strong>Advers.</strong></span> <span class='ocrx_word' id='word_1_186' title='bbox 1436 1374 1462 1415; x_wconf 93' lang='lat' dir='ltr'><strong>I,</strong></span> <span class='ocrx_word' id='word_1_187' title='bbox 1491 1374 1568 1409; x_wconf 83' lang='lat'><strong>169.</strong></span> <span class='ocrx_word' id='word_1_188' title='bbox 1606 1375 1727 1409; x_wconf 87' lang='lat' dir='ltr'><strong>Locus</strong></span> 
     </span>
     <span class='ocr_line' id='line_1_21' title="bbox 246 1436 718 1482; baseline -0.011 -10"><span class='ocrx_word' id='word_1_189' title='bbox 246 1436 500 1472; x_wconf 81' lang='lat' dir='ltr'><strong>emendatione</strong></span> <span class='ocrx_word' id='word_1_190' title='bbox 525 1447 598 1470; x_wconf 90' lang='lat' dir='ltr'><strong>non</strong></span> <span class='ocrx_word' id='word_1_191' title='bbox 624 1439 718 1482; x_wconf 86' lang='lat' dir='ltr'><strong>eget.</strong></span> 
     </span>
    </p>

    <p class='ocr_par' dir='ltr' id='par_1_6' title="bbox 241 1484 1732 1941">
     <span class='ocr_line' id='line_1_22' title="bbox 341 1484 1729 1539; baseline -0.003 -10"><span class='ocrx_word' id='word_1_192' title='bbox 341 1496 362 1529; x_wconf 89' lang='lat'>5</span> <span class='ocrx_word' id='word_1_193' title='bbox 410 1493 490 1528; x_wconf 81' lang='grc' dir='ltr'><strong>τοῦ</strong></span> <span class='ocrx_word' id='word_1_194' title='bbox 521 1490 674 1539; x_wconf 74' lang='grc' dir='ltr'><strong><em>χώρου</em></strong></span> <span class='ocrx_word' id='word_1_195' title='bbox 703 1488 981 1538; x_wconf 77' lang='grc' dir='ltr'><strong><em>διαμαρτών</em></strong></span> <span class='ocrx_word' id='word_1_196' title='bbox 1005 1488 1053 1524; x_wconf 77' lang='grc' dir='ltr'><strong>ἐν</strong></span> <span class='ocrx_word' id='word_1_197' title='bbox 1077 1484 1106 1533; x_wconf 78' lang='grc' dir='ltr'><em>ᾦ</em></span> <span class='ocrx_word' id='word_1_198' title='bbox 1132 1486 1395 1535; x_wconf 79' lang='grc' dir='ltr'><strong><em>διατρέχων</em></strong></span> <span class='ocrx_word' id='word_1_199' title='bbox 1419 1487 1498 1524; x_wconf 75' lang='grc' dir='ltr'><strong>οὐκ</strong></span> <span class='ocrx_word' id='word_1_200' title='bbox 1522 1488 1575 1524; x_wconf 68' lang='grc' dir='ltr'><strong>ἂν</strong></span> <span class='ocrx_word' id='word_1_201' title='bbox 1600 1488 1729 1535; x_wconf 77' lang='grc' dir='ltr'><strong><em>ἐπλή-</em></strong></span> 
     </span>
     <span class='ocr_line' id='line_1_23' title="bbox 245 1547 1730 1597; baseline -0.002 -12"><span class='ocrx_word' id='word_1_202' title='bbox 245 1563 298 1597; x_wconf 90' lang='grc' dir='ltr'><strong>γη</strong></span> <span class='ocrx_word' id='word_1_203' title='bbox 326 1552 347 1585; x_wconf 87' lang='grc' dir='ltr'><strong>ἰ.</strong></span> <span class='ocrx_word' id='word_1_204' title='bbox 374 1562 404 1585; x_wconf 88' lang='lat' dir='ltr'><strong>e.</strong></span> <span class='ocrx_word' id='word_1_205' title='bbox 430 1550 475 1585; x_wconf 90' lang='lat' dir='ltr'><strong>ab</strong></span> <span class='ocrx_word' id='word_1_206' title='bbox 501 1561 544 1584; x_wconf 93' lang='lat' dir='ltr'><strong>eo</strong></span> <span class='ocrx_word' id='word_1_207' title='bbox 572 1550 673 1590; x_wconf 89' lang='lat' dir='ltr'><strong>loco,</strong></span> <span class='ocrx_word' id='word_1_208' title='bbox 700 1549 734 1583; x_wconf 92' lang='lat' dir='ltr'><strong>in</strong></span> <span class='ocrx_word' id='word_1_209' title='bbox 761 1559 834 1595; x_wconf 87' lang='lat' dir='ltr'><strong>quo</strong></span> <span class='ocrx_word' id='word_1_210' title='bbox 859 1548 890 1583; x_wconf 86' lang='lat' dir='ltr'><strong>si</strong></span> <span class='ocrx_word' id='word_1_211' title='bbox 917 1548 1151 1583; x_wconf 76' lang='lat' dir='ltr'><strong>discut-risset</strong></span> <span class='ocrx_word' id='word_1_212' title='bbox 1173 1547 1281 1588; x_wconf 83' lang='lat' dir='ltr'><strong>(ultra</strong></span> <span class='ocrx_word' id='word_1_213' title='bbox 1306 1558 1411 1593; x_wconf 89' lang='lat' dir='ltr'><strong>quem</strong></span> <span class='ocrx_word' id='word_1_214' title='bbox 1430 1547 1550 1581; x_wconf 87' lang='lat' dir='ltr'><strong>sinon</strong></span> <span class='ocrx_word' id='word_1_215' title='bbox 1577 1548 1730 1591; x_wconf 87' lang='lat' dir='ltr'><strong>ivisset),</strong></span> 
     </span>
     <span class='ocr_line' id='line_1_24' title="bbox 241 1603 1732 1654; baseline -0.001 -12"><span class='ocrx_word' id='word_1_216' title='bbox 241 1608 367 1654; x_wconf 84' lang='lat' dir='ltr'><strong>jaculo</strong></span> <span class='ocrx_word' id='word_1_217' title='bbox 406 1618 478 1642; x_wconf 90' lang='lat' dir='ltr'><strong>non</strong></span> <span class='ocrx_word' id='word_1_218' title='bbox 519 1614 712 1654; x_wconf 84' lang='lat' dir='ltr'><strong>peteretur,</strong></span> <span class='ocrx_word' id='word_1_219' title='bbox 751 1606 936 1642; x_wconf 85' lang='lat' dir='ltr'><strong>aberravit.</strong></span> <span class='ocrx_word' id='word_1_220' title='bbox 1000 1605 1168 1641; x_wconf 86' lang='lat' dir='ltr'><strong>Reiskius</strong></span> <span class='ocrx_word' id='word_1_221' title='bbox 1207 1604 1253 1639; x_wconf 87' lang='lat' dir='ltr'><strong>ad</strong></span> <span class='ocrx_word' id='word_1_222' title='bbox 1278 1604 1310 1640; x_wconf 83' lang='lat' dir='ltr'><strong>h.</strong></span> <span class='ocrx_word' id='word_1_223' title='bbox 1335 1605 1355 1639; x_wconf 96' lang='grc'><strong>1.</strong></span> <span class='ocrx_word' id='word_1_224' title='bbox 1382 1610 1419 1639; x_wconf 85' lang='lat' dir='ltr'><strong>et</strong></span> <span class='ocrx_word' id='word_1_225' title='bbox 1443 1603 1634 1640; x_wconf 87' lang='lat' dir='ltr'><strong>Dobreens</strong></span> <span class='ocrx_word' id='word_1_226' title='bbox 1661 1606 1683 1641; x_wconf 88' lang='lat' dir='ltr'><strong>l.</strong></span> <span class='ocrx_word' id='word_1_227' title='bbox 1708 1606 1732 1640; x_wconf 90' lang='lat' dir='ltr'><strong>l.</strong></span> 
     </span>
     <span class='ocr_line' id='line_1_25' title="bbox 244 1661 1730 1711; baseline -0.001 -13"><span class='ocrx_word' id='word_1_228' title='bbox 244 1663 379 1709; x_wconf 76' lang='grc' dir='ltr'><strong><em>χρόνου</em></strong></span> <span class='ocrx_word' id='word_1_229' title='bbox 405 1676 471 1711; x_wconf 87' lang='lat' dir='ltr'><strong>pro</strong></span> <span class='ocrx_word' id='word_1_230' title='bbox 497 1662 620 1709; x_wconf 76' lang='grc' dir='ltr'><strong><em>χώρου</em></strong></span> <span class='ocrx_word' id='word_1_231' title='bbox 646 1664 843 1704; x_wconf 77' lang='lat' dir='ltr'><strong>malebant,</strong></span> <span class='ocrx_word' id='word_1_232' title='bbox 876 1674 1016 1709; x_wconf 85' lang='lat' dir='ltr'><strong>eosque</strong></span> <span class='ocrx_word' id='word_1_233' title='bbox 1042 1664 1157 1697; x_wconf 84' lang='lat' dir='ltr'><strong>secuti</strong></span> <span class='ocrx_word' id='word_1_234' title='bbox 1182 1669 1267 1697; x_wconf 84' lang='lat' dir='ltr'><strong>sunt</strong></span> <span class='ocrx_word' id='word_1_235' title='bbox 1292 1662 1434 1696; x_wconf 82' lang='lat' dir='ltr'><strong>Turicc.</strong></span> <span class='ocrx_word' id='word_1_236' title='bbox 1460 1668 1497 1696; x_wconf 85' lang='lat' dir='ltr'><strong>et</strong></span> <span class='ocrx_word' id='word_1_237' title='bbox 1521 1662 1578 1697; x_wconf 87' lang='lat' dir='ltr'><strong>ed.</strong></span> <span class='ocrx_word' id='word_1_238' title='bbox 1606 1661 1730 1696; x_wconf 84' lang='lat' dir='ltr'><strong>Didot.</strong></span> 
     </span>
     <span class='ocr_line' id='line_1_26' title="bbox 249 1718 1729 1767; baseline -0.002 -11"><span class='ocrx_word' id='word_1_239' title='bbox 249 1720 366 1764; x_wconf 81' lang='lat' dir='ltr'><strong>Paris,</strong></span> <span class='ocrx_word' id='word_1_240' title='bbox 414 1721 511 1767; x_wconf 87' lang='lat' dir='ltr'><strong>(Car.</strong></span> <span class='ocrx_word' id='word_1_241' title='bbox 537 1720 701 1763; x_wconf 84' lang='lat' dir='ltr'><strong>Mueller)</strong></span> <span class='ocrx_word' id='word_1_242' title='bbox 727 1720 828 1755; x_wconf 75' lang='lat'><strong>1847.</strong></span> <span class='ocrx_word' id='word_1_243' title='bbox 877 1719 960 1755; x_wconf 90' lang='lat' dir='ltr'><strong>Non</strong></span> <span class='ocrx_word' id='word_1_244' title='bbox 987 1727 1096 1756; x_wconf 85' lang='lat' dir='ltr'><strong>recte.</strong></span> <span class='ocrx_word' id='word_1_245' title='bbox 1156 1718 1285 1767; x_wconf 91' lang='lat' dir='ltr'><strong>Neque</strong></span> <span class='ocrx_word' id='word_1_246' title='bbox 1322 1719 1415 1754; x_wconf 89' lang='lat' dir='ltr'><strong>enim</strong></span> <span class='ocrx_word' id='word_1_247' title='bbox 1447 1718 1480 1753; x_wconf 84' lang='lat' dir='ltr'><strong>h.</strong></span> <span class='ocrx_word' id='word_1_248' title='bbox 1514 1719 1536 1754; x_wconf 91' lang='lat' dir='ltr'><strong>l.</strong></span> <span class='ocrx_word' id='word_1_249' title='bbox 1566 1718 1612 1754; x_wconf 91' lang='lat' dir='ltr'><strong>de</strong></span> <span class='ocrx_word' id='word_1_250' title='bbox 1638 1725 1729 1754; x_wconf 89' lang='lat' dir='ltr'><strong>tem·</strong></span> 
     </span>
     <span class='ocr_line' id='line_1_27' title="bbox 250 1777 1730 1826; baseline -0.001 -11"><span class='ocrx_word' id='word_1_251' title='bbox 250 1791 341 1826; x_wconf 88' lang='lat' dir='ltr'><strong>pore</strong></span> <span class='ocrx_word' id='word_1_252' title='bbox 366 1779 433 1815; x_wconf 88' lang='lat' dir='ltr'><strong>sed</strong></span> <span class='ocrx_word' id='word_1_253' title='bbox 459 1779 505 1815; x_wconf 89' lang='lat' dir='ltr'><strong>de</strong></span> <span class='ocrx_word' id='word_1_254' title='bbox 530 1780 612 1815; x_wconf 92' lang='lat' dir='ltr'><strong>loco</strong></span> <span class='ocrx_word' id='word_1_255' title='bbox 630 1779 762 1814; x_wconf 85' lang='lat' dir='ltr'><strong>mentio</strong></span> <span class='ocrx_word' id='word_1_256' title='bbox 789 1784 847 1814; x_wconf 84' lang='lat' dir='ltr'><strong>est:</strong></span> <span class='ocrx_word' id='word_1_257' title='bbox 908 1778 1043 1813; x_wconf 87' lang='lat' dir='ltr'><strong>Verum</strong></span> <span class='ocrx_word' id='word_1_258' title='bbox 1069 1784 1137 1821; x_wconf 87' lang='lat' dir='ltr'><strong>est,</strong></span> <span class='ocrx_word' id='word_1_259' title='bbox 1162 1791 1184 1824; x_wconf 89' lang='grc' dir='ltr'><strong><em>γ</em></strong></span> <span class='ocrx_word' id='word_1_260' title='bbox 1209 1777 1227 1824; x_wconf 82' lang='lat'>§</span> <span class='ocrx_word' id='word_1_261' title='bbox 1254 1779 1275 1812; x_wconf 78' lang='lat'>6</span> <span class='ocrx_word' id='word_1_262' title='bbox 1301 1778 1347 1813; x_wconf 89' lang='lat' dir='ltr'><strong>de</strong></span> <span class='ocrx_word' id='word_1_263' title='bbox 1373 1784 1536 1825; x_wconf 84' lang='lat' dir='ltr'><strong>tempore</strong></span> <span class='ocrx_word' id='word_1_264' title='bbox 1563 1778 1638 1825; x_wconf 77' lang='lat' dir='ltr'><strong>agi,</strong></span> <span class='ocrx_word' id='word_1_265' title='bbox 1662 1777 1730 1813; x_wconf 88' lang='lat' dir='ltr'><strong>sed</strong></span> 
     </span>
     <span class='ocr_line' id='line_1_28' title="bbox 252 1835 1731 1882; baseline -0.001 -11"><span class='ocrx_word' id='word_1_266' title='bbox 252 1836 603 1871; x_wconf 84' lang='lat' dir='ltr'><strong>animadvertendum</strong></span> <span class='ocrx_word' id='word_1_267' title='bbox 631 1843 703 1875; x_wconf 90' lang='lat' dir='ltr'><strong>est,</strong></span> <span class='ocrx_word' id='word_1_268' title='bbox 728 1836 775 1869; x_wconf 85' lang='lat' dir='ltr'><strong>ita</strong></span> <span class='ocrx_word' id='word_1_269' title='bbox 803 1847 820 1869; x_wconf 90' lang='lat' dir='ltr'><strong>a</strong></span> <span class='ocrx_word' id='word_1_270' title='bbox 847 1846 908 1870; x_wconf 84' lang='lat' dir='ltr'><strong>reo</strong></span> <span class='ocrx_word' id='word_1_271' title='bbox 936 1835 1144 1882; x_wconf 83' lang='lat' dir='ltr'><strong>discrepare</strong></span> <span class='ocrx_word' id='word_1_272' title='bbox 1169 1845 1349 1877; x_wconf 82' lang='lat' dir='ltr'><strong>actorem,</strong></span> <span class='ocrx_word' id='word_1_273' title='bbox 1375 1841 1432 1877; x_wconf 81' lang='lat' dir='ltr'><strong>ut,</strong></span> <span class='ocrx_word' id='word_1_274' title='bbox 1458 1847 1566 1882; x_wconf 87' lang='lat' dir='ltr'><strong>quum</strong></span> <span class='ocrx_word' id='word_1_275' title='bbox 1595 1835 1638 1869; x_wconf 92' lang='lat' dir='ltr'><strong>ad</strong></span> <span class='ocrx_word' id='word_1_276' title='bbox 1659 1836 1731 1877; x_wconf 67' lang='lat' dir='ltr'><strong>loci</strong></span> 
     </span>
     <span class='ocr_line' id='line_1_29' title="bbox 251 1892 1619 1941; baseline -0.002 -11"><span class='ocrx_word' id='word_1_277' title='bbox 251 1894 520 1930; x_wconf 86' lang='lat' dir='ltr'><strong>excusationem</strong></span> <span class='ocrx_word' id='word_1_278' title='bbox 547 1894 604 1928; x_wconf 91' lang='lat' dir='ltr'><strong>ille</strong></span> <span class='ocrx_word' id='word_1_279' title='bbox 630 1893 848 1941; x_wconf 81' lang='lat' dir='ltr'><strong>confugerit,</strong></span> <span class='ocrx_word' id='word_1_280' title='bbox 873 1893 951 1940; x_wconf 87' lang='lat' dir='ltr'><strong>ipse</strong></span> <span class='ocrx_word' id='word_1_281' title='bbox 977 1894 1150 1940; x_wconf 88' lang='lat' dir='ltr'><strong>temporis</strong></span> <span class='ocrx_word' id='word_1_282' title='bbox 1176 1894 1421 1929; x_wconf 79' lang='lat' dir='ltr'><strong>causationem</strong></span> <span class='ocrx_word' id='word_1_283' title='bbox 1448 1892 1619 1940; x_wconf 83' lang='lat' dir='ltr'><strong>proferat.</strong></span> 
     </span>
    </p>

    <p class='ocr_par' dir='ltr' id='par_1_7' title="bbox 248 1947 1734 2742">
     <span class='ocr_line' id='line_1_30' title="bbox 345 1947 1731 1996; baseline -0.001 -11"><span class='ocrx_word' id='word_1_284' title='bbox 345 1950 367 1985; x_wconf 90' lang='grc'>6</span> <span class='ocrx_word' id='word_1_285' title='bbox 417 1948 466 1986; x_wconf 76' lang='grc' dir='ltr'><strong>ὥς</strong></span> <span class='ocrx_word' id='word_1_286' title='bbox 491 1948 531 1984; x_wconf 80' lang='grc' dir='ltr'><strong>δὲ</strong></span> <span class='ocrx_word' id='word_1_287' title='bbox 559 1948 643 1984; x_wconf 77' lang='grc' dir='ltr'><strong><em>οὐδὲ</em></strong></span> <span class='ocrx_word' id='word_1_288' title='bbox 669 1949 736 1994; x_wconf 82' lang='grc' dir='ltr'><strong>τῆς</strong></span> <span class='ocrx_word' id='word_1_289' title='bbox 764 1948 949 1996; x_wconf 77' lang='grc' dir='ltr'><strong><em>ἁμαρτίας</em></strong></span> <span class='ocrx_word' id='word_1_290' title='bbox 985 1947 1069 1983; x_wconf 74' lang='grc' dir='ltr'><strong>οὐδὲ</strong></span> <span class='ocrx_word' id='word_1_291' title='bbox 1096 1950 1162 1984; x_wconf 80' lang='grc' dir='ltr'><strong>τοῦ</strong></span> <span class='ocrx_word' id='word_1_292' title='bbox 1198 1949 1379 1985; x_wconf 74' lang='grc' dir='ltr'><strong><em>ἀκουσίως</em></strong></span> <span class='ocrx_word' id='word_1_293' title='bbox 1417 1949 1652 1990; x_wconf 80' lang='grc' dir='ltr'><strong><em>ἀποκτεῖναι,</em></strong></span> <span class='ocrx_word' id='word_1_294' title='bbox 1691 1949 1731 1990; x_wconf 79' lang='grc' dir='ltr'><strong>ἐξ</strong></span> 
     </span>
     <span class='ocr_line' id='line_1_31' title="bbox 254 2002 1731 2054; baseline -0.001 -13"><span class='ocrx_word' id='word_1_295' title='bbox 254 2002 304 2042; x_wconf 75' lang='grc' dir='ltr'><strong>ὧν</strong></span> <span class='ocrx_word' id='word_1_296' title='bbox 328 2005 433 2042; x_wconf 80' lang='grc' dir='ltr'><strong><em>αὐτοὶ</em></strong></span> <span class='ocrx_word' id='word_1_297' title='bbox 461 2004 642 2054; x_wconf 76' lang='grc' dir='ltr'><strong><em>λέγουσιν,</em></strong></span> <span class='ocrx_word' id='word_1_298' title='bbox 677 2003 897 2047; x_wconf 73' lang='grc' dir='ltr'><strong><em>ἀπολύεται,</em></strong></span> <span class='ocrx_word' id='word_1_299' title='bbox 940 2003 1030 2039; x_wconf 76' lang='grc' dir='ltr'><strong><em>ἀλλὰ</em></strong></span> <span class='ocrx_word' id='word_1_300' title='bbox 1070 2008 1176 2040; x_wconf 80' lang='grc' dir='ltr'><strong><em>κοινὰ</em></strong></span> <span class='ocrx_word' id='word_1_301' title='bbox 1211 2005 1408 2054; x_wconf 80' lang='grc' dir='ltr'><strong><em>ἀμφότερα</em></strong></span> <span class='ocrx_word' id='word_1_302' title='bbox 1436 2006 1552 2040; x_wconf 81' lang='grc' dir='ltr'><strong><em>ταῦτα</em></strong></span> <span class='ocrx_word' id='word_1_303' title='bbox 1585 2005 1731 2052; x_wconf 78' lang='grc' dir='ltr'><strong><em>ἀμφοῖν</em></strong></span> 
     </span>
     <span class='ocr_line' id='line_1_32' title="bbox 253 2060 1731 2111; baseline 0 -12"><span class='ocrx_word' id='word_1_304' title='bbox 253 2063 381 2099; x_wconf 79' lang='grc' dir='ltr'><strong><em>αὐτοῖν</em></strong></span> <span class='ocrx_word' id='word_1_305' title='bbox 405 2062 496 2104; x_wconf 75' lang='grc' dir='ltr'><strong><em>ἐστι,</em></strong></span> <span class='ocrx_word' id='word_1_306' title='bbox 523 2060 691 2108; x_wconf 78' lang='grc' dir='ltr'><strong><em>δηλώσω.</em></strong></span> <span class='ocrx_word' id='word_1_307' title='bbox 743 2064 805 2098; x_wconf 88' lang='lat' dir='ltr'><strong>Sic</strong></span> <span class='ocrx_word' id='word_1_308' title='bbox 833 2063 1073 2104; x_wconf 62' lang='lat' dir='ltr'><strong>Tufioenses,</strong></span> <span class='ocrx_word' id='word_1_309' title='bbox 1109 2064 1217 2111; x_wconf 91' lang='lat' dir='ltr'><strong>idque</strong></span> <span class='ocrx_word' id='word_1_310' title='bbox 1253 2076 1332 2099; x_wconf 83' lang='lat' dir='ltr'><strong>mea</strong></span> <span class='ocrx_word' id='word_1_311' title='bbox 1369 2064 1512 2111; x_wconf 90' lang='lat' dir='ltr'><strong>quidem</strong></span> <span class='ocrx_word' id='word_1_312' title='bbox 1549 2065 1731 2099; x_wconf 89' lang='lat' dir='ltr'><strong>sententia</strong></span> 
     </span>
     <span class='ocr_line' id='line_1_33' title="bbox 253 2117 1732 2169; baseline -0.001 -12"><span class='ocrx_word' id='word_1_313' title='bbox 253 2128 362 2157; x_wconf 83' lang='lat' dir='ltr'><strong>recte.</strong></span> <span class='ocrx_word' id='word_1_314' title='bbox 421 2121 494 2156; x_wconf 85' lang='lat' dir='ltr'><strong>Pro</strong></span> <span class='ocrx_word' id='word_1_315' title='bbox 532 2121 736 2168; x_wconf 81' lang='lat' dir='ltr'><strong>posteriore</strong></span> <span class='ocrx_word' id='word_1_316' title='bbox 761 2117 847 2154; x_wconf 73' lang='grc' dir='ltr'><strong><em>οὐδὲ</em></strong></span> <span class='ocrx_word' id='word_1_317' title='bbox 877 2119 993 2155; x_wconf 89' lang='lat' dir='ltr'><strong>Codd.</strong></span> <span class='ocrx_word' id='word_1_318' title='bbox 1016 2117 1146 2155; x_wconf 73' lang='grc' dir='ltr'><strong><em>τοῦδεε</em></strong></span> <span class='ocrx_word' id='word_1_319' title='bbox 1181 2119 1267 2155; x_wconf 76' lang='grc' dir='ltr'><strong><em>οὐδὲ</em></strong></span> <span class='ocrx_word' id='word_1_320' title='bbox 1299 2122 1461 2156; x_wconf 85' lang='lat' dir='ltr'><strong>certatim</strong></span> <span class='ocrx_word' id='word_1_321' title='bbox 1499 2122 1732 2169; x_wconf 85' lang='lat' dir='ltr'><strong>conjecerunt</strong></span> 
     </span>
     <span class='ocr_line' id='line_1_34' title="bbox 254 2177 1732 2227; baseline -0.001 -13"><span class='ocrx_word' id='word_1_322' title='bbox 254 2180 426 2215; x_wconf 81' lang='lat' dir='ltr'><strong>Maetzner</strong></span> <span class='ocrx_word' id='word_1_323' title='bbox 450 2185 487 2213; x_wconf 86' lang='lat' dir='ltr'><strong>et</strong></span> <span class='ocrx_word' id='word_1_324' title='bbox 513 2179 715 2225; x_wconf 83' lang='lat' dir='ltr'><strong>Sauppius,</strong></span> <span class='ocrx_word' id='word_1_325' title='bbox 757 2178 923 2224; x_wconf 88' lang='lat' dir='ltr'><strong>idemque</strong></span> <span class='ocrx_word' id='word_1_326' title='bbox 955 2177 1030 2224; x_wconf 87' lang='lat' dir='ltr'><strong>jam</strong></span> <span class='ocrx_word' id='word_1_327' title='bbox 1067 2178 1235 2214; x_wconf 83' lang='lat' dir='ltr'><strong>Reiskius</strong></span> <span class='ocrx_word' id='word_1_328' title='bbox 1262 2180 1516 2226; x_wconf 83' lang='lat' dir='ltr'><strong>suspicabatur</strong></span> <span class='ocrx_word' id='word_1_329' title='bbox 1540 2179 1732 2227; x_wconf 84' lang='lat' dir='ltr'><strong>legendum</strong></span> 
     </span>
     <span class='ocr_line' id='line_1_35' title="bbox 255 2235 1732 2284; baseline 0 -14"><span class='ocrx_word' id='word_1_330' title='bbox 255 2247 350 2270; x_wconf 87' lang='lat' dir='ltr'><strong>esse.</strong></span> <span class='ocrx_word' id='word_1_331' title='bbox 399 2235 471 2269; x_wconf 87' lang='lat' dir='ltr'><strong>Pro</strong></span> <span class='ocrx_word' id='word_1_332' title='bbox 497 2235 576 2275; x_wconf 78' lang='grc' dir='ltr'><strong><em>τοῦ,</em></strong></span> <span class='ocrx_word' id='word_1_333' title='bbox 605 2235 703 2281; x_wconf 87' lang='lat' dir='ltr'><strong>quod</strong></span> <span class='ocrx_word' id='word_1_334' title='bbox 741 2235 876 2281; x_wconf 86' lang='lat' dir='ltr'><strong>Saupp.</strong></span> <span class='ocrx_word' id='word_1_335' title='bbox 914 2236 1085 2282; x_wconf 83' lang='lat' dir='ltr'><strong>conjecit,</strong></span> <span class='ocrx_word' id='word_1_336' title='bbox 1109 2237 1194 2283; x_wconf 82' lang='lat' dir='ltr'><strong>vulg</strong></span> <span class='ocrx_word' id='word_1_337' title='bbox 1226 2236 1291 2280; x_wconf 75' lang='grc' dir='ltr'><strong>τῷ.</strong></span> <span class='ocrx_word' id='word_1_338' title='bbox 1342 2237 1504 2284; x_wconf 88' lang='lat' dir='ltr'><strong>Sauppio</strong></span> <span class='ocrx_word' id='word_1_339' title='bbox 1532 2237 1732 2283; x_wconf 86' lang='lat' dir='ltr'><strong>adstipula-</strong></span> 
     </span>
     <span class='ocr_line' id='line_1_36' title="bbox 253 2291 1731 2340; baseline 0.001 -14"><span class='ocrx_word' id='word_1_340' title='bbox 253 2299 312 2327; x_wconf 80' lang='lat' dir='ltr'><strong>tur</strong></span> <span class='ocrx_word' id='word_1_341' title='bbox 336 2292 518 2327; x_wconf 82' lang='lat' dir='ltr'><strong>Maetzneri</strong></span> <span class='ocrx_word' id='word_1_342' title='bbox 544 2291 625 2329; x_wconf 82' lang='lat' dir='ltr'><strong>eod.</strong></span> <span class='ocrx_word' id='word_1_343' title='bbox 649 2291 685 2325; x_wconf 90' lang='lat' dir='ltr'>N</span> <span class='ocrx_word' id='word_1_344' title='bbox 709 2292 959 2334; x_wconf 80' lang='lat' dir='ltr'><strong>(Oxoniensis)</strong></span> <span class='ocrx_word' id='word_1_345' title='bbox 1018 2292 1162 2340; x_wconf 82' lang='lat' dir='ltr'><strong>Kayser</strong></span> <span class='ocrx_word' id='word_1_346' title='bbox 1186 2293 1311 2329; x_wconf 86' lang='lat' dir='ltr'><strong>Rhein.</strong></span> <span class='ocrx_word' id='word_1_347' title='bbox 1338 2294 1432 2329; x_wconf 87' lang='lat' dir='ltr'><strong>Mus.</strong></span> <span class='ocrx_word' id='word_1_348' title='bbox 1457 2294 1540 2333; x_wconf 83' lang='lat' dir='ltr'>XII,</span> <span class='ocrx_word' id='word_1_349' title='bbox 1565 2295 1634 2328; x_wconf 78' lang='lat'>‘230</span> <span class='ocrx_word' id='word_1_350' title='bbox 1663 2294 1731 2328; x_wconf 89' lang='lat' dir='ltr'><strong>sic:</strong></span> 
     </span>
     <span class='ocr_line' id='line_1_37' title="bbox 256 2345 1733 2396; baseline 0.002 -14"><span class='ocrx_word' id='word_1_351' title='bbox 256 2346 305 2384; x_wconf 80' lang='grc' dir='ltr'><strong>ὥς</strong></span> <span class='ocrx_word' id='word_1_352' title='bbox 330 2345 370 2382; x_wconf 80' lang='grc' dir='ltr'><strong>δὲ</strong></span> <span class='ocrx_word' id='word_1_353' title='bbox 406 2345 492 2382; x_wconf 72' lang='grc' dir='ltr'><strong><em>οὐδὲ</em></strong></span> <span class='ocrx_word' id='word_1_354' title='bbox 530 2348 597 2391; x_wconf 82' lang='grc' dir='ltr'><strong>τῆς</strong></span> <span class='ocrx_word' id='word_1_355' title='bbox 627 2346 813 2396; x_wconf 79' lang='grc' dir='ltr'><strong><em>ἁμαρτίας</em></strong></span> <span class='ocrx_word' id='word_1_356' title='bbox 846 2347 865 2384; x_wconf 81' lang='grc' dir='ltr'>ὅ</span> <span class='ocrx_word' id='word_1_357' title='bbox 890 2347 1026 2385; x_wconf 80' lang='grc' dir='ltr'><strong><em>τοῦδε</em></strong></span> <span class='ocrx_word' id='word_1_358' title='bbox 1050 2351 1109 2395; x_wconf 75' lang='grc' dir='ltr'><strong>τῷ</strong></span> <span class='ocrx_word' id='word_1_359' title='bbox 1138 2349 1318 2388; x_wconf 79' lang='grc' dir='ltr'><strong><em>ἀκουσίως</em></strong></span> <span class='ocrx_word' id='word_1_360' title='bbox 1341 2350 1416 2386; x_wconf 88' lang='grc' dir='ltr'><strong><em>κτλ.</em></strong></span> <span class='ocrx_word' id='word_1_361' title='bbox 1444 2351 1527 2386; x_wconf 88' lang='lat' dir='ltr'><strong>”mit</strong></span> <span class='ocrx_word' id='word_1_362' title='bbox 1551 2348 1660 2385; x_wconf 73' lang='grc' dir='ltr'><strong><em>τοῦδε</em></strong></span> <span class='ocrx_word' id='word_1_363' title='bbox 1685 2352 1733 2386; x_wconf 78' lang='lat' dir='ltr'><strong>ist.</strong></span> 
     </span>
     <span class='ocr_line' id='line_1_38' title="bbox 248 2404 1733 2455; baseline 0.003 -16"><span class='ocrx_word' id='word_1_364' title='bbox 248 2405 289 2451; x_wconf 84' lang='lat' dir='ltr'><strong>ja</strong></span> <span class='ocrx_word' id='word_1_365' title='bbox 316 2404 381 2440; x_wconf 90' lang='lat' dir='ltr'><strong>der</strong></span> <span class='ocrx_word' id='word_1_366' title='bbox 404 2404 520 2439; x_wconf 88' lang='lat' dir='ltr'><strong>Vater</strong></span> <span class='ocrx_word' id='word_1_367' title='bbox 558 2405 623 2440; x_wconf 89' lang='lat' dir='ltr'><strong>des</strong></span> <span class='ocrx_word' id='word_1_368' title='bbox 660 2405 850 2455; x_wconf 82' lang='lat' dir='ltr'><strong>Jiinglings</strong></span> <span class='ocrx_word' id='word_1_369' title='bbox 889 2419 932 2442; x_wconf 91' lang='lat' dir='ltr'><strong>so</strong></span> <span class='ocrx_word' id='word_1_370' title='bbox 969 2407 1060 2443; x_wconf 89' lang='lat' dir='ltr'><strong>eben</strong></span> <span class='ocrx_word' id='word_1_371' title='bbox 1098 2408 1307 2443; x_wconf 85' lang='lat' dir='ltr'><strong>bezeichnet</strong></span> <span class='ocrx_word' id='word_1_372' title='bbox 1330 2408 1497 2450; x_wconf 77' lang='lat' dir='ltr'><strong>worden3</strong></span> <span class='ocrx_word' id='word_1_373' title='bbox 1535 2406 1620 2443; x_wconf 73' lang='grc' dir='ltr'><strong><em>οὐδὲ</em></strong></span> <span class='ocrx_word' id='word_1_374' title='bbox 1648 2409 1733 2444; x_wconf 88' lang='lat' dir='ltr'><strong>aber</strong></span> 
     </span>
     <span class='ocr_line' id='line_1_39' title="bbox 256 2462 1731 2514; baseline 0.001 -15"><span class='ocrx_word' id='word_1_375' title='bbox 256 2462 398 2499; x_wconf 85' lang='lat' dir='ltr'><strong>beziebt</strong></span> <span class='ocrx_word' id='word_1_376' title='bbox 425 2462 500 2498; x_wconf 82' lang='lat' dir='ltr'><strong>sich</strong></span> <span class='ocrx_word' id='word_1_377' title='bbox 529 2463 593 2498; x_wconf 84' lang='lat' dir='ltr'><strong>auf</strong></span> <span class='ocrx_word' id='word_1_378' title='bbox 613 2464 670 2500; x_wconf 86' lang='lat' dir='ltr'><strong>die</strong></span> <span class='ocrx_word' id='word_1_379' title='bbox 695 2464 837 2501; x_wconf 78' lang='lat' dir='ltr'><strong>friihere</strong></span> <span class='ocrx_word' id='word_1_380' title='bbox 875 2464 1077 2501; x_wconf 85' lang='lat' dir='ltr'><strong>Deduction</strong></span> <span class='ocrx_word' id='word_1_381' title='bbox 1105 2466 1170 2501; x_wconf 90' lang='lat' dir='ltr'><strong>des</strong></span> <span class='ocrx_word' id='word_1_382' title='bbox 1196 2465 1361 2514; x_wconf 86' lang='lat' dir='ltr'><strong>Gegners</strong></span> <span class='ocrx_word' id='word_1_383' title='bbox 1388 2466 1406 2513; x_wconf 64' lang='grc' dir='ltr'><strong>ξ</strong></span> <span class='ocrx_word' id='word_1_384' title='bbox 1433 2467 1454 2500; x_wconf 82' lang='grc'>9</span> <span class='ocrx_word' id='word_1_385' title='bbox 1481 2464 1633 2513; x_wconf 82' lang='grc' dir='ltr'><strong><em>φάσκων</em></strong></span> <span class='ocrx_word' id='word_1_386' title='bbox 1656 2465 1731 2501; x_wconf 83' lang='grc' dir='ltr'><strong><em>κτλ.</em></strong></span> 
     </span>
     <span class='ocr_line' id='line_1_40' title="bbox 259 2520 1732 2571; baseline 0.003 -17"><span class='ocrx_word' id='word_1_387' title='bbox 259 2542 275 2548; x_wconf 94' lang='grc'>-</span> <span class='ocrx_word' id='word_1_388' title='bbox 304 2541 319 2548; x_wconf 89' lang='lat'>-</span> <span class='ocrx_word' id='word_1_389' title='bbox 345 2541 359 2547; x_wconf 96' lang='lat'>-</span> <span class='ocrx_word' id='word_1_390' title='bbox 385 2520 451 2556; x_wconf 92' lang='lat' dir='ltr'><strong>Die</strong></span> <span class='ocrx_word' id='word_1_391' title='bbox 476 2520 657 2568; x_wconf 85' lang='lat' dir='ltr'><strong>Negation</strong></span> <span class='ocrx_word' id='word_1_392' title='bbox 683 2523 729 2557; x_wconf 89' lang='lat' dir='ltr'><strong>ist</strong></span> <span class='ocrx_word' id='word_1_393' title='bbox 758 2542 773 2550; x_wconf 91' lang='lat'>-</span> <span class='ocrx_word' id='word_1_394' title='bbox 800 2544 816 2550; x_wconf 93' lang='lat'>-</span> <span class='ocrx_word' id='word_1_395' title='bbox 841 2535 907 2570; x_wconf 88' lang='lat' dir='ltr'><strong>per</strong></span> <span class='ocrx_word' id='word_1_396' title='bbox 943 2524 1165 2571; x_wconf 85' lang='lat' dir='ltr'><strong>hyperbaton</strong></span> <span class='ocrx_word' id='word_1_397' title='bbox 1203 2524 1265 2558; x_wconf 82' lang='lat' dir='ltr'><strong>mit</strong></span> <span class='ocrx_word' id='word_1_398' title='bbox 1290 2521 1310 2558; x_wconf 84' lang='grc' dir='ltr'><strong><em>ὁ</em></strong></span> <span class='ocrx_word' id='word_1_399' title='bbox 1333 2521 1444 2559; x_wconf 79' lang='grc' dir='ltr'><strong><em>τοῦδε</em></strong></span> <span class='ocrx_word' id='word_1_400' title='bbox 1468 2537 1512 2559; x_wconf 92' lang='lat' dir='ltr'><strong>zu</strong></span> <span class='ocrx_word' id='word_1_401' title='bbox 1538 2526 1732 2560; x_wconf 80' lang='lat' dir='ltr'><strong>verbinden</strong></span> 
     </span>
     <span class='ocr_line' id='line_1_41' title="bbox 258 2575 1731 2618; baseline 0.003 -6"><span class='ocrx_word' id='word_1_402' title='bbox 258 2599 274 2605; x_wconf 90' lang='lat'>-</span> <span class='ocrx_word' id='word_1_403' title='bbox 300 2598 315 2605; x_wconf 93' lang='lat'><em>—</em></span> <span class='ocrx_word' id='word_1_404' title='bbox 341 2575 427 2613; x_wconf 78' lang='grc' dir='ltr'><strong><em>οὐδὲ</em></strong></span> <span class='ocrx_word' id='word_1_405' title='bbox 454 2578 537 2613; x_wconf 76' lang='grc' dir='ltr'><strong>τοῦ</strong></span> <span class='ocrx_word' id='word_1_406' title='bbox 564 2575 745 2616; x_wconf 83' lang='grc' dir='ltr'><strong><em>ἀκουσίως</em></strong></span> <span class='ocrx_word' id='word_1_407' title='bbox 769 2601 784 2607; x_wconf 98' lang='grc'>-</span> <span class='ocrx_word' id='word_1_408' title='bbox 810 2601 827 2607; x_wconf 92' lang='grc'>-</span> <span class='ocrx_word' id='word_1_409' title='bbox 858 2581 998 2616; x_wconf 82' lang='lat' dir='ltr'><strong>scheint</strong></span> <span class='ocrx_word' id='word_1_410' title='bbox 1033 2602 1048 2608; x_wconf 95' lang='lat'>-</span> <span class='ocrx_word' id='word_1_411' title='bbox 1074 2602 1089 2608; x_wconf 97' lang='lat'>-</span> <span class='ocrx_word' id='word_1_412' title='bbox 1127 2582 1203 2616; x_wconf 80' lang='lat' dir='ltr'><strong>sich</strong></span> <span class='ocrx_word' id='word_1_413' title='bbox 1239 2593 1311 2617; x_wconf 78' lang='lat' dir='ltr'><strong>von</strong></span> <span class='ocrx_word' id='word_1_414' title='bbox 1348 2582 1413 2618; x_wconf 86' lang='lat' dir='ltr'><strong>der</strong></span> <span class='ocrx_word' id='word_1_415' title='bbox 1449 2582 1625 2617; x_wconf 75' lang='lat' dir='ltr'><strong>intention</strong></span> <span class='ocrx_word' id='word_1_416' title='bbox 1666 2582 1731 2617; x_wconf 91' lang='lat' dir='ltr'><strong>des</strong></span> 
     </span>
     <span class='ocr_line' id='line_1_42' title="bbox 258 2634 1731 2681; baseline 0.003 -11"><span class='ocrx_word' id='word_1_417' title='bbox 258 2634 460 2681; x_wconf 86' lang='lat' dir='ltr'><strong>Sprechers</strong></span> <span class='ocrx_word' id='word_1_418' title='bbox 486 2648 529 2671; x_wconf 92' lang='lat' dir='ltr'><strong>zu</strong></span> <span class='ocrx_word' id='word_1_419' title='bbox 555 2636 756 2672; x_wconf 84' lang='lat' dir='ltr'><strong>entsernen:</strong></span> <span class='ocrx_word' id='word_1_420' title='bbox 783 2638 877 2674; x_wconf 91' lang='lat' dir='ltr'><strong>denn</strong></span> <span class='ocrx_word' id='word_1_421' title='bbox 903 2639 970 2674; x_wconf 83' lang='lat' dir='ltr'><strong>das</strong></span> <span class='ocrx_word' id='word_1_422' title='bbox 996 2637 1175 2674; x_wconf 78' lang='grc' dir='ltr'><strong><em>ἀκουσίως</em></strong></span> <span class='ocrx_word' id='word_1_423' title='bbox 1200 2637 1418 2675; x_wconf 75' lang='grc' dir='ltr'><strong><em>ἀποκτεῖναι</em></strong></span> <span class='ocrx_word' id='word_1_424' title='bbox 1444 2641 1491 2674; x_wconf 88' lang='lat' dir='ltr'><strong>ist</strong></span> <span class='ocrx_word' id='word_1_425' title='bbox 1516 2640 1632 2674; x_wconf 85' lang='lat' dir='ltr'><strong>selbst</strong></span> <span class='ocrx_word' id='word_1_426' title='bbox 1651 2652 1731 2674; x_wconf 72' lang='lat' dir='ltr'><strong>vom</strong></span> 
     </span>
     <span class='ocr_line' id='line_1_43' title="bbox 258 2690 1734 2742; baseline 0.004 -17"><span class='ocrx_word' id='word_1_427' title='bbox 258 2690 406 2738; x_wconf 88' lang='lat' dir='ltr'><strong>Gegner</strong></span> <span class='ocrx_word' id='word_1_428' title='bbox 442 2693 688 2740; x_wconf 87' lang='lat' dir='ltr'><strong>zugestanden</strong></span> <span class='ocrx_word' id='word_1_429' title='bbox 713 2715 728 2721; x_wconf 93' lang='lat'>-</span> <span class='ocrx_word' id='word_1_430' title='bbox 754 2694 793 2721; x_wconf 88' lang='lat'><strong>-&#39;’</strong></span> <span class='ocrx_word' id='word_1_431' title='bbox 841 2695 922 2730; x_wconf 88' lang='lat' dir='ltr'><strong>Hoc</strong></span> <span class='ocrx_word' id='word_1_432' title='bbox 960 2697 1075 2731; x_wconf 89' lang='lat' dir='ltr'><strong>minus</strong></span> <span class='ocrx_word' id='word_1_433' title='bbox 1113 2696 1353 2732; x_wconf 87' lang='lat' dir='ltr'><strong>considerate.</strong></span> <span class='ocrx_word' id='word_1_434' title='bbox 1404 2696 1511 2738; x_wconf 87' lang='lat' dir='ltr'><strong>Quod</strong></span> <span class='ocrx_word' id='word_1_435' title='bbox 1544 2696 1588 2731; x_wconf 90' lang='lat' dir='ltr'><strong>ad</strong></span> <span class='ocrx_word' id='word_1_436' title='bbox 1615 2694 1734 2742; x_wconf 83' lang='grc' dir='ltr'><strong><em>ἁμαρ·</em></strong></span> 
     </span>
    </p>
   </div>
  </div>
 </body>
</html>
