1938 3153
1600 198 1605 202 ,
1633 158 1660 200 9

245 273 508 333 τρεπτικόν),
523 271 732 315 laudandi
742 271 1139 329 (ἐγκωμιαστικόν),
1156 272 1430 326 vituperandi
1449 272 1701 330 (ψεκτικόν)
1711 306 1722 322 ,

249 341 487 387 accusandi
507 340 851 400 (κατηγορικόν),
873 339 1139 384 defendendi
1162 336 1537 399 (ἅπολογητικόν),
1569 342 1721 399 εΧᾳυίι-

247 411 371 454 rendi
404 409 720 467 (ἑξεταστικόν).
779 411 1068 467 Argumenta,
1100 410 1261 464 quibus
1293 417 1474 454 utuntur
1505 418 1719 460 oratores,

247 480 339 539 peti
370 486 560 537 possunt
590 494 644 521 ex
670 479 816 537 justo,
862 494 917 520 ex
949 477 1161 534 legitime,
1193 492 1247 518 ex
1278 477 1393 525 utili,
1425 492 1479 519 ex
1512 477 1720 527 honesto,

250 564 305 593 ex
343 549 566 606 jucundo,
613 564 665 591 ex
704 548 840 596 facili,
888 563 943 589 ex
974 546 1240 603 possibili¹³,
1288 561 1342 588 ex
1374 547 1625 588 necessario
1657 547 1721 602 (ἐκ

249 619 330 661 τοῦ
358 619 551 670 δικαίου,
584 619 795 672 νομίμου,
819 617 1150 671 συμφέροντος,
1181 614 1337 668 καλοῦ,
1368 614 1514 674 ἡδέος,
1547 613 1721 673 ῥᾳδίου,

248 688 454 739 δυνατοῦ,
487 683 761 740 ἀναγκαίου),
807 691 968 728 aut-ex
997 683 1183 739 injusto,
1215 700 1270 727 ex
1300 701 1386 727 non
1420 685 1634 742 legitimo,
1668 701 1722 728 ex
1774 692 1779 705 ·’
1827 702 1830 705 ’

248 756 409 806 inutili,
430 755 668 811 reliquis¹⁴,
691 755 851 811 quibus
883 768 938 795 ex
968 753 1102 795 rebus
1134 761 1209 795 aut
1239 754 1349 809 ipsis
1371 762 1627 811 argumenta
1649 769 1722 796 su-

249 833 446 875 muntur,
492 831 567 867 aut
612 839 666 866 ex
696 824 770 878 iis,
803 837 902 879 quae
932 822 1002 863 his
1035 822 1190 863 similia
1222 829 1345 872 sunt,
1376 831 1451 865 aut
1482 824 1723 872 contraria,

251 900 326 936 aut
355 893 399 934 in
431 893 613 934 aliorum
636 892 957 933 existimatione
981 899 1023 931 et
1038 890 1208 946 judicio
1231 890 1427 945 posita¹⁵.
1460 892 1567 934 Haec
1589 906 1722 947 quum

250 960 395 1017 capita
426 967 469 1001 et.
499 960 625 1015 quasi
656 958 802 1001 fontes
835 958 1012 1014 quidam
1044 964 1396 1013 argumentorum
1431 959 1575 1008 sint¹⁶‚
1598 973 1623 1001 a
1644 974 1724 1015 po-

250 1028 511 1071 sterioribus
542 1027 795 1070 rhetoribus
824 1024 971 1068 τελικὰ
991 1025 1210 1081 κεφάλαια
1232 1027 1625 1083 ερρεΙΙεὺεῃωι-Π.
1658 1028 1724 1071 Ac

246 1156 452 1195 timerentur,
490 1155 667 1189 transiret.
728 1153 837 1195 Quod
874 1164 958 1187 vero
986 1164 1062 1199 cap.
1090 1153 1135 1192 37
1159 1153 1230 1187 init.
1256 1166 1290 1199 p.
1320 1153 1399 1195 238,
1429 1154 1443 1187 1
1479 1154 1563 1189 dicit
1596 1142 1723 1201 exqui—

247 1213 347 1251 rendi
372 1213 529 1259 speciem
554 1223 701 1260 perraro
728 1211 843 1252 solam
870 1211 1049 1257 usurpari,
1076 1210 1141 1245 sed
1169 1212 1297 1246 ceteris
1323 1212 1484 1258 partibus
1504 1212 1723 1258 adjunctam.

247 1267 284 1309 id
309 1283 381 1304 non
408 1271 548 1309 obstat,
574 1271 782 1315 quominus,
808 1268 882 1301 sixe
909 1268 988 1301 sola
1015 1276 1170 1313 ponatur
1194 1270 1268 1302 sixe
1299 1281 1378 1302 cuin
1410 1271 1538 1303 ceteris
1573 1271 1723 1317 conjun-

252 1336 311 1361 cta
335 1327 544 1372 reperiatur
571 1326 617 1358 si
616 1336 695 1389 “per
709 1336 749 1358 se
766 1324 992 1369 intelligatur,
1018 1324 1078 1357 ad.
1089 1335 1202 1370 genus
1221 1324 1392 1369 judiciale
1418 1326 1600 1360 resti-,atur
1631 1326 1723 1361 Nam

252 1390 289 1418 et
313 1383 383 1417 hoc
409 1383 542 1429 pariter
565 1380 633 1416 τοῦ
648 1379 898 1423 ἐξεταστικοῦ
937 1388 1042 1426 atque
1078 1379 1144 1414 τοῦ
1176 1381 1420 1428 νατηγορικοῧ
1448 1389 1483 1418 et
1508 1381 1729 1430 ἀπολογητι-

245 1439 316 1475 ’κοῦ
341 1440 521 1487 proprium
550 1451 633 1475 esse
660 1439 800 1480 dicitur,
827 1438 870 1473 ad
898 1435 1104 1484 ἀντιλογίας
1128 1439 1314 1486 plurimum
1342 1441 1458 1476 salere
1485 1441 1543 1483 (cf.
1563 1455 1595 1488 p
1609 1441 1690 1484 ⁶238,
1707 1444 1720 1476 1

251 1510 331 1545 sqq.
354 1499 409 1531 τὸ
425 1494 728 1538 δ’ἕξεταστικὸν-
750 1516 767 1524 -
789 1494 949 1541 μάλιστα
971 1497 1067 1542 πρὸς
1090 1497 1156 1530 τὰς
1182 1494 1388 1543 ἀντιλογίας
1404 1497 1589 1545 χρήσιμόν
1613 1498 1724 1533 ἐστιν.

250 1569 288 1604 p.
302 1556 416 1598 1922
440 1554 555 1589 ταῦτα
575 1556 644 1602 γὰρ
673 1554 707 1600 [ἰ.
733 1566 763 1589 e.
786 1555 829 1588 τὸ
854 1554 1098 1599 κατηγορικὸν
1121 1557 1182 1587 καὶ
1210 1555 1252 1588 τὸ
1278 1552 1571 1603 οἷπολογητικόν]
1595 1555 1727 1592 πλεί-

253 1625 362 1657 στης
400 1609 674 1658 ἀντιλογίας
714 1609 889 1653 δέονται),
930 1619 966 1644 et
1001 1611 1037 1644 id
1075 1611 1129 1644 vel
1168 1624 1293 1647 omnes
1332 1615 1532 1648 orationum
1577 1618 1720 1662 species

253 1682 439 1711 commune
466 1668 562 1716 apud
587 1670 844 1703 Anaximenem
872 1669 1014 1710 habent,
1050 1676 1090 1703 ut
1125 1680 1190 1716 pro
1228 1681 1265 1703 re
1296 1678 1377 1704 nata
1416 1671 1490 1706 aliae
1517 1673 1592 1706 aliis
1619 1673 1722 1719 quasi

253 1740 358 1775 opem
385 1728 500 1762 serant
524 1728 616 1761 inter
640 1737 752 1772 seque
779 1727 1087 1761 commisceantur.
1138 1727 1189 1761 Cf.
1215 1727 1283 1761 loci
1310 1728 1341 1767 ii,
1368 1740 1461 1774 quos
1492 1729 1616 1763 laudat
1639 1730 1724 1765 Fin-

251 1786 353 1835 klnius
380 1797 415 1832 p.
446 1785 493 1818 11.
544 1783 651 1818 Adde
678 1784 841 1817 Anaxim.
866 1796 898 1830 p.
926 1783 1009 1825 191,
1033 1785 1102 1818 16ἢ
1124 1783 1178 1820 22.
1229 1783 1280 1819 Cfss
1308 1785 1460 1820 Usener.
1488 1798 1522 1833 p.
1548 1787 1603 1821 35.

347 1854 391 1889 13
439 1852 532 1886 Nam
558 1853 623 1887 hae
650 1865 739 1887 voce
765 1854 873 1887 utitur
899 1852 1043 1894 Quintil.
1070 1853 1094 1887 1.
1122 1854 1163 1888 Ο.
1190 1853 1249 1894 111,
1276 1854 1308 1894 8,
1332 1855 1388 1888 25.

350 1920 391 1955 14
439 1921 605 1956 Anaxim.
636 1921 710 1963 175,
740 1922 862 1968 10.sq.
888 1920 1034 1955 ἅπασαι
1059 1919 1099 1956 δὲ
1125 1917 1169 1956 αι’
1192 1912 1355 1968 πράξεις’
1371 1923 1565 1967 μετέχουσι
1588 1921 1729 1958 τούτων

254 1975 492 2024 ἀμφοτέροιν,
521 1976 613 2012 ὥστε
637 1975 912 2022 μηδετέραν
935 1977 1010 2011 τῶν
1036 1975 1255 2013 ὑποθέσεων
1271 1979 1400 2021 ἔχοντα
1417 1977 1534 2024 λόγων
1554 1978 1725 2027 ἀπορεῖν,

251 2035 310 2068 ubi
336 2033 504 2080 Spengel.
531 2034 768 2069 Commentar.
797 2044 827 2081 p.
850 2035 918 2067 107
935 2035 1091 2081 expungi
1117 2036 1191 2069 vult
1216 2035 1366 2079 ἔχοντας
1393 2035 1491 2081 quod
1518 2044 1635 2071 tamen
1651 2050 1724 2083 quo

244 2092 326 2138 jure
362 2092 486 2126 feeerit
522 2093 574 2126 vir
611 2093 845 2127 doctissimus
884 2092 964 2126 mihi
1001 2104 1073 2125 non
1103 2092 1224 2138 liquet.
1284 2092 1416 2127 Melius
1443 2094 1603 2129 sortasse
1631 2092 1725 2129 ὥστε

251 2162 309 2194 μη
322 2145 359 2183 δ’
386 2147 550 2194 ἕτερον
574 2149 743 2197 ἑτέραν
766 2150 841 2184 τῶν
863 2147 924 2183 ὗπ.
953 2147 982 2183 ἕ.
1008 2147 1039 2183 λ.
1069 2147 1106 2184 ἀ.
1132 2150 1152 2183 i.
1179 2161 1207 2184 e.
1232 2158 1269 2183 ut
1296 2151 1393 2184 nullo
1426 2151 1537 2186 modo
1563 2154 1727 2188 nesciant

253 2207 342 2239 alter
377 2218 442 2252 pro
483 2207 591 2240 altera
630 2208 805 2240 sementia
844 2218 1025 2253 pugnans,
1060 2208 1188 2253 quibus
1225 2210 1442 2254 argumentis
1469 2217 1623 2243 utantur.
1672 2209 1726 2244 De

250 2263 508 2309 significatione
534 2265 633 2298 vocis
658 2277 716 2308 μη
728 2261 766 2298 δ’
791 2264 833 2299 ef.
860 2264 1022 2311 Hartung
1058 2264 1168 2299 Partt.
1193 2264 1220 2306 I,
1247 2265 1325 2299 210.

344 2321 388 2354 15
437 2323 553 2356 Anax.
578 2334 612 2367 p.
640 2322 717 2361 176,
746 2320 893 2358 13·-17.

345 2377 388 2411 16
438 2378 490 2412 Cf.
517 2378 762 2424 Capperoner.
789 2379 833 2413 ad
861 2379 1008 2421 Quintil.
1033 2380 1057 2414 Ι.
1084 2380 1126 2415 Ο.
1152 2394 1186 2427 p.
1214 2381 1290 2415 194.

348 2445 390 2480 17
441 2445 629 2480 Ernestius
657 2445 742 2481 Lex.
766 2460 801 2494 p.
827 2447 912 2482 179:
937 2444 1028 2484 ”loei
1054 2456 1089 2483 et
1114 2449 1224 2483 sedes
1251 2453 1540 2494 argumentorum
1568 2456 1628 2484 aut
1653 2456 1726 2484 tra-

253 2504 440 2546 ctationis,
466 2515 534 2551 qua
561 2504 595 2538 in
622 2506 785 2540 oratione
810 2507 973 2540 utimur.”
1022 2506 1075 2541 Cf.
1100 2506 1252 2541 Usener.
1279 2518 1312 2553 p.
1340 2505 1393 2540 24.
1424 2506 1593 2554 Spengel.
1619 2507 1727 2542 Com-

253 2567 400 2597 mentar.
426 2561 471 2596 ad
498 2563 611 2596 Anax.
637 2575 672 2608 p.
704 2563 767 2597 104
794 2576 847 2610 sq.
882 2563 1045 2599 Cornific.
1072 2564 1115 2598 ad
1142 2564 1297 2599 Herenn.
1322 2564 1383 2605 111,
1410 2566 1442 2605 2,
1468 2564 1506 2599 3:
1531 2565 1642 2607 ’'Eos,
1668 2567 1728 2613 qui

255 2620 470 2655 sententiam
496 2618 633 2662 dicent,
670 2618 803 2654 finem
843 2622 910 2656 sibi
948 2623 1134 2658 conveniet
1159 2622 1320 2656 utilitatis
1347 2623 1643 2670 proponere,”
1669 2624 1729 2657 ubi

254 2677 297 2712 cs.
322 2677 474 2724 Kayser.
