<?xml version="1.0" encoding="UTF-8"?>
<!DOCTYPE html PUBLIC "-//W3C//DTD XHTML 1.0 Transitional//EN"
    "http://www.w3.org/TR/xhtml1/DTD/xhtml1-transitional.dtd">
<html xmlns="http://www.w3.org/1999/xhtml" xml:lang="en" lang="en">
 <head>
  <title>
</title>
<meta http-equiv="Content-Type" content="text/html;charset=utf-8" />
  <meta name='ocr-system' content='tesseract 3.04.00' />
  <meta name='ocr-capabilities' content='ocr_page ocr_carea ocr_par ocr_line ocrx_word'/>
</head>
<body>
  <div class='ocr_page' id='page_1' title='image "./4626091_0018.png"; bbox 0 0 1938 3153; ppageno 0'>
   <div class='ocr_carea' id='block_1_1' title="bbox 319 222 346 262">
    <p class='ocr_par' dir='ltr' id='par_1_1' title="bbox 319 222 346 262">
     <span class='ocr_line' id='line_1_1' title="bbox 319 222 346 262; baseline 0 0"><span class='ocrx_word' id='word_1_1' title='bbox 319 222 346 262; x_wconf 88' lang='grc'><strong>6</strong></span> 
     </span>
    </p>
   </div>
   <div class='ocr_carea' id='block_1_2' title="bbox 245 332 1737 2207">
    <p class='ocr_par' dir='ltr' id='par_1_2' title="bbox 245 332 1737 1542">
     <span class='ocr_line' id='line_1_2' title="bbox 255 332 1737 389; baseline 0.001 -12"><span class='ocrx_word' id='word_1_2' title='bbox 255 334 352 377; x_wconf 85' lang='lat' dir='ltr'>fore</span> <span class='ocrx_word' id='word_1_3' title='bbox 391 334 517 383; x_wconf 86' lang='lat' dir='ltr'>duxi,</span> <span class='ocrx_word' id='word_1_4' title='bbox 550 333 590 376; x_wconf 93' lang='lat' dir='ltr'>si</span> <span class='ocrx_word' id='word_1_5' title='bbox 628 333 727 389; x_wconf 88' lang='lat' dir='ltr'>quis</span> <span class='ocrx_word' id='word_1_6' title='bbox 759 332 816 376; x_wconf 83' lang='lat' dir='ltr'>ad</span> <span class='ocrx_word' id='word_1_7' title='bbox 849 341 1073 377; x_wconf 86' lang='lat' dir='ltr'>oratorum</span> <span class='ocrx_word' id='word_1_8' title='bbox 1108 333 1363 378; x_wconf 87' lang='lat' dir='ltr'>Graecorum</span> <span class='ocrx_word' id='word_1_9' title='bbox 1396 334 1569 379; x_wconf 88' lang='lat' dir='ltr'>dicendi</span> <span class='ocrx_word' id='word_1_10' title='bbox 1602 335 1737 378; x_wconf 88' lang='lat' dir='ltr'>virtu-</span> 
     </span>
     <span class='ocr_line' id='line_1_3' title="bbox 253 401 1735 459; baseline 0 -14"><span class='ocrx_word' id='word_1_11' title='bbox 253 409 321 446; x_wconf 89' lang='lat' dir='ltr'>tes</span> <span class='ocrx_word' id='word_1_12' title='bbox 369 401 673 459; x_wconf 86' lang='lat' dir='ltr'>explanandas</span> <span class='ocrx_word' id='word_1_13' title='bbox 718 402 778 444; x_wconf 84' lang='lat' dir='ltr'>ita</span> <span class='ocrx_word' id='word_1_14' title='bbox 816 417 864 445; x_wconf 91' lang='lat' dir='ltr'>se</span> <span class='ocrx_word' id='word_1_15' title='bbox 896 402 1135 452; x_wconf 87' lang='lat' dir='ltr'>conferret,</span> <span class='ocrx_word' id='word_1_16' title='bbox 1167 410 1217 446; x_wconf 88' lang='lat' dir='ltr'>ut</span> <span class='ocrx_word' id='word_1_17' title='bbox 1248 418 1270 446; x_wconf 91' lang='lat' dir='ltr'>a</span> <span class='ocrx_word' id='word_1_18' title='bbox 1304 404 1529 447; x_wconf 81' lang='lat' dir='ltr'>rhetorum</span> <span class='ocrx_word' id='word_1_19' title='bbox 1559 404 1735 446; x_wconf 90' lang='lat' dir='ltr'>illorum</span> 
     </span>
     <span class='ocr_line' id='line_1_4' title="bbox 250 471 1735 529; baseline 0 -15"><span class='ocrx_word' id='word_1_20' title='bbox 250 471 443 514; x_wconf 82' lang='lat' dir='ltr'>decretis</span> <span class='ocrx_word' id='word_1_21' title='bbox 475 471 830 528; x_wconf 87' lang='lat' dir='ltr'>proficisceretur</span> <span class='ocrx_word' id='word_1_22' title='bbox 862 478 905 512; x_wconf 88' lang='lat' dir='ltr'>et</span> <span class='ocrx_word' id='word_1_23' title='bbox 936 471 993 513; x_wconf 82' lang='lat' dir='ltr'>ad</span> <span class='ocrx_word' id='word_1_24' title='bbox 1026 486 1175 513; x_wconf 87' lang='lat' dir='ltr'>eorum</span> <span class='ocrx_word' id='word_1_25' title='bbox 1208 472 1329 529; x_wconf 85' lang='lat' dir='ltr'>leges</span> <span class='ocrx_word' id='word_1_26' title='bbox 1353 479 1396 515; x_wconf 88' lang='lat' dir='ltr'>et</span> <span class='ocrx_word' id='word_1_27' title='bbox 1418 473 1735 529; x_wconf 83' lang='lat' dir='ltr'><strong>expositiones,</strong></span> 
     </span>
     <span class='ocr_line' id='line_1_5' title="bbox 248 538 1734 598; baseline 0 -17"><span class='ocrx_word' id='word_1_28' title='bbox 248 538 400 595; x_wconf 87' lang='lat' dir='ltr'>quoad</span> <span class='ocrx_word' id='word_1_29' title='bbox 432 540 529 596; x_wconf 86' lang='lat' dir='ltr'>ejus</span> <span class='ocrx_word' id='word_1_30' title='bbox 560 538 653 581; x_wconf 89' lang='lat' dir='ltr'>fieri</span> <span class='ocrx_word' id='word_1_31' title='bbox 684 544 859 596; x_wconf 81' lang='lat' dir='ltr'>posset,</span> <span class='ocrx_word' id='word_1_32' title='bbox 882 539 1055 595; x_wconf 81' lang='lat' dir='ltr'>singula</span> <span class='ocrx_word' id='word_1_33' title='bbox 1076 546 1318 583; x_wconf 84' lang='lat' dir='ltr'>revocaret.</span> <span class='ocrx_word' id='word_1_34' title='bbox 1350 541 1448 598; x_wconf 80' lang='lat' dir='ltr'>Ego</span> <span class='ocrx_word' id='word_1_35' title='bbox 1472 555 1577 582; x_wconf 87' lang='lat' dir='ltr'>vero</span> <span class='ocrx_word' id='word_1_36' title='bbox 1600 554 1734 596; x_wconf 89' lang='lat' dir='ltr'>quum</span> 
     </span>
     <span class='ocr_line' id='line_1_6' title="bbox 245 606 1734 664; baseline 0.001 -16"><span class='ocrx_word' id='word_1_37' title='bbox 245 620 391 662; x_wconf 88' lang='lat' dir='ltr'>neque</span> <span class='ocrx_word' id='word_1_38' title='bbox 422 620 593 648; x_wconf 91' lang='lat' dir='ltr'>omnem</span> <span class='ocrx_word' id='word_1_39' title='bbox 626 606 709 647; x_wconf 93' lang='lat' dir='ltr'>vim</span> <span class='ocrx_word' id='word_1_40' title='bbox 740 606 914 648; x_wconf 85' lang='lat' dir='ltr'>dicendi</span> <span class='ocrx_word' id='word_1_41' title='bbox 940 607 1174 663; x_wconf 85' lang='lat' dir='ltr'>complecti</span> <span class='ocrx_word' id='word_1_42' title='bbox 1197 623 1264 649; x_wconf 89' lang='lat' dir='ltr'>me</span> <span class='ocrx_word' id='word_1_43' title='bbox 1288 623 1423 664; x_wconf 85' lang='lat' dir='ltr'>posse</span> <span class='ocrx_word' id='word_1_44' title='bbox 1445 608 1636 650; x_wconf 88' lang='lat' dir='ltr'>viderem</span> <span class='ocrx_word' id='word_1_45' title='bbox 1659 621 1734 649; x_wconf 89' lang='lat' dir='ltr'>ne-</span> 
     </span>
     <span class='ocr_line' id='line_1_7' title="bbox 249 674 1734 731; baseline 0.001 -15"><span class='ocrx_word' id='word_1_46' title='bbox 249 688 336 729; x_wconf 91' lang='lat' dir='ltr'>que</span> <span class='ocrx_word' id='word_1_47' title='bbox 368 674 580 723; x_wconf 89' lang='lat' dir='ltr'>omnium,</span> <span class='ocrx_word' id='word_1_48' title='bbox 613 674 687 729; x_wconf 89' lang='lat' dir='ltr'>qui</span> <span class='ocrx_word' id='word_1_49' title='bbox 719 674 761 715; x_wconf 92' lang='lat' dir='ltr'>in</span> <span class='ocrx_word' id='word_1_50' title='bbox 792 674 881 716; x_wconf 92' lang='lat' dir='ltr'>hoc</span> <span class='ocrx_word' id='word_1_51' title='bbox 911 689 1070 731; x_wconf 84' lang='lat' dir='ltr'>genere</span> <span class='ocrx_word' id='word_1_52' title='bbox 1104 682 1273 723; x_wconf 82' lang='lat' dir='ltr'>essent,</span> <span class='ocrx_word' id='word_1_53' title='bbox 1307 676 1437 718; x_wconf 90' lang='lat' dir='ltr'>licere</span> <span class='ocrx_word' id='word_1_54' title='bbox 1469 676 1570 718; x_wconf 88' lang='lat' dir='ltr'>mihi</span> <span class='ocrx_word' id='word_1_55' title='bbox 1602 675 1734 717; x_wconf 84' lang='lat' dir='ltr'>ratio·</span> 
     </span>
     <span class='ocr_line' id='line_1_8' title="bbox 248 742 1733 798; baseline 0.002 -16"><span class='ocrx_word' id='word_1_56' title='bbox 248 756 349 783; x_wconf 91' lang='lat' dir='ltr'>nem</span> <span class='ocrx_word' id='word_1_57' title='bbox 387 742 571 790; x_wconf 89' lang='lat' dir='ltr'>habere,</span> <span class='ocrx_word' id='word_1_58' title='bbox 603 756 691 783; x_wconf 89' lang='lat' dir='ltr'>non</span> <span class='ocrx_word' id='word_1_59' title='bbox 724 742 875 783; x_wconf 89' lang='lat' dir='ltr'>inutile</span> <span class='ocrx_word' id='word_1_60' title='bbox 908 757 1007 783; x_wconf 89' lang='lat' dir='ltr'>esse</span> <span class='ocrx_word' id='word_1_61' title='bbox 1040 744 1191 798; x_wconf 83' lang='lat' dir='ltr'>putavi</span> <span class='ocrx_word' id='word_1_62' title='bbox 1223 759 1392 792; x_wconf 84' lang='lat' dir='ltr'>eorum,</span> <span class='ocrx_word' id='word_1_63' title='bbox 1425 757 1523 798; x_wconf 89' lang='lat' dir='ltr'>quae</span> <span class='ocrx_word' id='word_1_64' title='bbox 1554 742 1611 784; x_wconf 92' lang='lat' dir='ltr'>ad</span> <span class='ocrx_word' id='word_1_65' title='bbox 1643 742 1733 784; x_wconf 87' lang='lat' dir='ltr'>elo-</span> 
     </span>
     <span class='ocr_line' id='line_1_9' title="bbox 250 808 1735 867; baseline 0.001 -17"><span class='ocrx_word' id='word_1_66' title='bbox 250 809 472 865; x_wconf 89' lang='lat' dir='ltr'>quentiam</span> <span class='ocrx_word' id='word_1_67' title='bbox 505 808 796 865; x_wconf 74' lang='lat' dir='ltr'>pertinerent,</span> <span class='ocrx_word' id='word_1_68' title='bbox 828 824 957 851; x_wconf 90' lang='lat' dir='ltr'>unam</span> <span class='ocrx_word' id='word_1_69' title='bbox 990 810 1180 865; x_wconf 85' lang='lat' dir='ltr'>aliquam</span> <span class='ocrx_word' id='word_1_70' title='bbox 1212 817 1379 866; x_wconf 89' lang='lat' dir='ltr'>partem</span> <span class='ocrx_word' id='word_1_71' title='bbox 1403 810 1613 867; x_wconf 86' lang='lat' dir='ltr'>deligere,</span> <span class='ocrx_word' id='word_1_72' title='bbox 1636 823 1735 865; x_wconf 87' lang='lat' dir='ltr'>quae</span> 
     </span>
     <span class='ocr_line' id='line_1_10' title="bbox 250 876 1734 934; baseline 0.002 -16"><span class='ocrx_word' id='word_1_73' title='bbox 250 876 371 933; x_wconf 88' lang='lat' dir='ltr'>apud</span> <span class='ocrx_word' id='word_1_74' title='bbox 405 876 626 932; x_wconf 89' lang='lat' dir='ltr'>quosdam</span> <span class='ocrx_word' id='word_1_75' title='bbox 659 885 861 920; x_wconf 87' lang='lat' dir='ltr'>oratores</span> <span class='ocrx_word' id='word_1_76' title='bbox 894 892 982 933; x_wconf 86' lang='lat' dir='ltr'>qua</span> <span class='ocrx_word' id='word_1_77' title='bbox 1012 876 1054 919; x_wconf 88' lang='lat' dir='ltr'>in</span> <span class='ocrx_word' id='word_1_78' title='bbox 1089 879 1258 920; x_wconf 89' lang='lat' dir='ltr'>ratione</span> <span class='ocrx_word' id='word_1_79' title='bbox 1299 886 1438 927; x_wconf 89' lang='lat' dir='ltr'>esset,</span> <span class='ocrx_word' id='word_1_80' title='bbox 1485 893 1613 934; x_wconf 86' lang='lat' dir='ltr'>quam</span> <span class='ocrx_word' id='word_1_81' title='bbox 1644 892 1734 920; x_wconf 86' lang='lat' dir='ltr'>ma-</span> 
     </span>
     <span class='ocr_line' id='line_1_11' title="bbox 249 944 1733 1002; baseline 0.001 -17"><span class='ocrx_word' id='word_1_82' title='bbox 249 945 366 986; x_wconf 87' lang='lat' dir='ltr'>xime</span> <span class='ocrx_word' id='word_1_83' title='bbox 389 959 569 1000; x_wconf 86' lang='lat' dir='ltr'>possem</span> <span class='ocrx_word' id='word_1_84' title='bbox 593 944 823 995; x_wconf 85' lang='lat' dir='ltr'>distincte,</span> <span class='ocrx_word' id='word_1_85' title='bbox 846 960 1123 1001; x_wconf 86' lang='lat' dir='ltr'>exponerem.</span> <span class='ocrx_word' id='word_1_86' title='bbox 1160 945 1225 987; x_wconf 91' lang='lat' dir='ltr'>De</span> <span class='ocrx_word' id='word_1_87' title='bbox 1256 960 1433 987; x_wconf 89' lang='lat' dir='ltr'>rerum</span> <span class='ocrx_word' id='word_1_88' title='bbox 1468 946 1597 1002; x_wconf 87' lang='lat' dir='ltr'>igitur</span> <span class='ocrx_word' id='word_1_89' title='bbox 1628 945 1733 987; x_wconf 87' lang='lat' dir='ltr'>dis-</span> 
     </span>
     <span class='ocr_line' id='line_1_12' title="bbox 249 1013 1734 1069; baseline 0.002 -17"><span class='ocrx_word' id='word_1_90' title='bbox 249 1013 536 1067; x_wconf 82' lang='lat' dir='ltr'>positione</span> <span class='ocrx_word' id='word_1_91' title='bbox 581 1013 702 1069; x_wconf 86' lang='lat' dir='ltr'>apud</span> <span class='ocrx_word' id='word_1_92' title='bbox 742 1013 1141 1069; x_wconf 84' lang='lat' dir='ltr'>Antiphontem</span> <span class='ocrx_word' id='word_1_93' title='bbox 1174 1019 1218 1055; x_wconf 91' lang='lat' dir='ltr'>et</span> <span class='ocrx_word' id='word_1_94' title='bbox 1250 1013 1605 1061; x_wconf 83' lang='lat' dir='ltr'>Andocidem,</span> <span class='ocrx_word' id='word_1_95' title='bbox 1638 1027 1734 1055; x_wconf 85' lang='lat' dir='ltr'>ora-</span> 
     </span>
     <span class='ocr_line' id='line_1_13' title="bbox 251 1080 1734 1137; baseline 0.001 -17"><span class='ocrx_word' id='word_1_96' title='bbox 251 1085 376 1121; x_wconf 85' lang='lat' dir='ltr'>tores</span> <span class='ocrx_word' id='word_1_97' title='bbox 407 1080 604 1130; x_wconf 89' lang='lat' dir='ltr'>Atticos,</span> <span class='ocrx_word' id='word_1_98' title='bbox 637 1096 834 1137; x_wconf 85' lang='lat' dir='ltr'>quaerere</span> <span class='ocrx_word' id='word_1_99' title='bbox 866 1081 1075 1123; x_wconf 86' lang='lat' dir='ltr'>constitui</span> <span class='ocrx_word' id='word_1_100' title='bbox 1106 1081 1186 1130; x_wconf 84' lang='lat' dir='ltr'>ita,</span> <span class='ocrx_word' id='word_1_101' title='bbox 1217 1087 1265 1122; x_wconf 90' lang='lat' dir='ltr'>ut</span> <span class='ocrx_word' id='word_1_102' title='bbox 1297 1081 1352 1123; x_wconf 85' lang='lat' dir='ltr'>ab</span> <span class='ocrx_word' id='word_1_103' title='bbox 1385 1081 1651 1123; x_wconf 83' lang='lat' dir='ltr'>Anaximene</span> <span class='ocrx_word' id='word_1_104' title='bbox 1671 1080 1734 1122; x_wconf 89' lang='lat' dir='ltr'>rei</span> 
     </span>
     <span class='ocr_line' id='line_1_14' title="bbox 249 1147 1736 1205; baseline 0.001 -16"><span class='ocrx_word' id='word_1_105' title='bbox 249 1147 496 1189; x_wconf 83' lang='lat' dir='ltr'>tractandae</span> <span class='ocrx_word' id='word_1_106' title='bbox 536 1149 751 1204; x_wconf 85' lang='lat' dir='ltr'>principia</span> <span class='ocrx_word' id='word_1_107' title='bbox 796 1155 1040 1205; x_wconf 87' lang='lat' dir='ltr'>repeterem</span> <span class='ocrx_word' id='word_1_108' title='bbox 1088 1148 1144 1191; x_wconf 89' lang='lat' dir='ltr'>ad</span> <span class='ocrx_word' id='word_1_109' title='bbox 1182 1149 1366 1205; x_wconf 89' lang='lat' dir='ltr'>ejusque</span> <span class='ocrx_word' id='word_1_110' title='bbox 1398 1149 1518 1204; x_wconf 88' lang='lat' dir='ltr'>leges</span> <span class='ocrx_word' id='word_1_111' title='bbox 1551 1156 1593 1190; x_wconf 87' lang='lat' dir='ltr'>et</span> <span class='ocrx_word' id='word_1_112' title='bbox 1625 1161 1736 1204; x_wconf 82' lang='lat' dir='ltr'>prae-</span> 
     </span>
     <span class='ocr_line' id='line_1_15' title="bbox 250 1214 1734 1271; baseline -0.001 -14"><span class='ocrx_word' id='word_1_113' title='bbox 250 1222 379 1271; x_wconf 82' lang='lat' dir='ltr'>cepta</span> <span class='ocrx_word' id='word_1_114' title='bbox 425 1214 633 1257; x_wconf 87' lang='lat' dir='ltr'>referrem</span> <span class='ocrx_word' id='word_1_115' title='bbox 677 1229 749 1264; x_wconf 88' lang='lat' dir='ltr'>ea,</span> <span class='ocrx_word' id='word_1_116' title='bbox 796 1229 896 1271; x_wconf 83' lang='lat' dir='ltr'>quae</span> <span class='ocrx_word' id='word_1_117' title='bbox 944 1216 999 1257; x_wconf 88' lang='lat' dir='ltr'>de</span> <span class='ocrx_word' id='word_1_118' title='bbox 1030 1216 1115 1257; x_wconf 89' lang='lat' dir='ltr'>hac</span> <span class='ocrx_word' id='word_1_119' title='bbox 1147 1230 1192 1257; x_wconf 89' lang='lat' dir='ltr'>re</span> <span class='ocrx_word' id='word_1_120' title='bbox 1225 1217 1397 1271; x_wconf 85' lang='lat' dir='ltr'>cognita</span> <span class='ocrx_word' id='word_1_121' title='bbox 1432 1225 1474 1256; x_wconf 84' lang='lat' dir='ltr'>et-</span> <span class='ocrx_word' id='word_1_122' title='bbox 1506 1216 1734 1271; x_wconf 86' lang='lat' dir='ltr'>explorata</span> 
     </span>
     <span class='ocr_line' id='line_1_16' title="bbox 249 1282 1735 1340; baseline 0.002 -17"><span class='ocrx_word' id='word_1_123' title='bbox 249 1282 471 1325; x_wconf 87' lang='lat' dir='ltr'>haberem.</span> <span class='ocrx_word' id='word_1_124' title='bbox 534 1284 636 1337; x_wconf 83' lang='lat' dir='ltr'>Qua</span> <span class='ocrx_word' id='word_1_125' title='bbox 665 1298 713 1326; x_wconf 89' lang='lat' dir='ltr'>re</span> <span class='ocrx_word' id='word_1_126' title='bbox 745 1283 859 1326; x_wconf 85' lang='lat' dir='ltr'>effici</span> <span class='ocrx_word' id='word_1_127' title='bbox 898 1284 940 1325; x_wconf 90' lang='lat' dir='ltr'>in</span> <span class='ocrx_word' id='word_1_128' title='bbox 971 1284 1059 1326; x_wconf 91' lang='lat' dir='ltr'>illis</span> <span class='ocrx_word' id='word_1_129' title='bbox 1092 1284 1385 1339; x_wconf 87' lang='lat' dir='ltr'>scriptoribus</span> <span class='ocrx_word' id='word_1_130' title='bbox 1417 1298 1553 1339; x_wconf 90' lang='lat' dir='ltr'>posse</span> <span class='ocrx_word' id='word_1_131' title='bbox 1584 1298 1735 1340; x_wconf 85' lang='lat' dir='ltr'>spera·</span> 
     </span>
     <span class='ocr_line' id='line_1_17' title="bbox 248 1350 1735 1400; baseline 0 -9"><span class='ocrx_word' id='word_1_132' title='bbox 248 1350 371 1400; x_wconf 88' lang='lat' dir='ltr'>bam,</span> <span class='ocrx_word' id='word_1_133' title='bbox 403 1358 453 1392; x_wconf 89' lang='lat' dir='ltr'>ut</span> <span class='ocrx_word' id='word_1_134' title='bbox 484 1358 528 1392; x_wconf 89' lang='lat' dir='ltr'>et</span> <span class='ocrx_word' id='word_1_135' title='bbox 559 1350 615 1392; x_wconf 90' lang='lat' dir='ltr'>ad</span> <span class='ocrx_word' id='word_1_136' title='bbox 649 1351 899 1392; x_wconf 88' lang='lat' dir='ltr'>universam</span> <span class='ocrx_word' id='word_1_137' title='bbox 928 1351 1179 1392; x_wconf 85' lang='lat' dir='ltr'>facultatem</span> <span class='ocrx_word' id='word_1_138' title='bbox 1203 1351 1438 1392; x_wconf 86' lang='lat' dir='ltr'>oratoriam</span> <span class='ocrx_word' id='word_1_139' title='bbox 1461 1366 1610 1392; x_wconf 89' lang='lat' dir='ltr'>eorum</span> <span class='ocrx_word' id='word_1_140' title='bbox 1638 1352 1735 1392; x_wconf 90' lang='lat' dir='ltr'>illu-</span> 
     </span>
     <span class='ocr_line' id='line_1_18' title="bbox 251 1418 1734 1476; baseline 0.001 -15"><span class='ocrx_word' id='word_1_141' title='bbox 251 1419 480 1461; x_wconf 86' lang='lat' dir='ltr'>strandam</span> <span class='ocrx_word' id='word_1_142' title='bbox 514 1425 558 1462; x_wconf 91' lang='lat' dir='ltr'>et</span> <span class='ocrx_word' id='word_1_143' title='bbox 588 1418 646 1462; x_wconf 84' lang='lat' dir='ltr'>ad</span> <span class='ocrx_word' id='word_1_144' title='bbox 678 1418 880 1476; x_wconf 88' lang='lat' dir='ltr'>singulos</span> <span class='ocrx_word' id='word_1_145' title='bbox 914 1418 1039 1462; x_wconf 90' lang='lat' dir='ltr'>locos</span> <span class='ocrx_word' id='word_1_146' title='bbox 1072 1425 1148 1461; x_wconf 87' lang='lat' dir='ltr'>aut</span> <span class='ocrx_word' id='word_1_147' title='bbox 1168 1418 1323 1461; x_wconf 87' lang='lat' dir='ltr'>melius</span> <span class='ocrx_word' id='word_1_148' title='bbox 1346 1418 1636 1476; x_wconf 87' lang='lat' dir='ltr'>explicandos</span> <span class='ocrx_word' id='word_1_149' title='bbox 1658 1424 1734 1462; x_wconf 81' lang='lat' dir='ltr'>aut</span> 
     </span>
     <span class='ocr_line' id='line_1_19' title="bbox 249 1486 1264 1542; baseline -0.001 -14"><span class='ocrx_word' id='word_1_150' title='bbox 249 1488 415 1530; x_wconf 83' lang='lat' dir='ltr'>rectius</span> <span class='ocrx_word' id='word_1_151' title='bbox 448 1486 751 1531; x_wconf 87' lang='lat' dir='ltr'>emendandos</span> <span class='ocrx_word' id='word_1_152' title='bbox 783 1487 949 1542; x_wconf 89' lang='lat' dir='ltr'>aliquid</span> <span class='ocrx_word' id='word_1_153' title='bbox 978 1486 1264 1528; x_wconf 86' lang='lat' dir='ltr'>conferretur.</span> 
     </span>
    </p>

    <p class='ocr_par' dir='ltr' id='par_1_3' title="bbox 250 1552 1735 2207">
     <span class='ocr_line' id='line_1_20' title="bbox 368 1552 1735 1610; baseline -0.001 -12"><span class='ocrx_word' id='word_1_154' title='bbox 368 1554 461 1598; x_wconf 86' lang='lat' dir='ltr'>Sed</span> <span class='ocrx_word' id='word_1_155' title='bbox 507 1562 677 1610; x_wconf 86' lang='lat' dir='ltr'>quaerat</span> <span class='ocrx_word' id='word_1_156' title='bbox 712 1554 897 1597; x_wconf 85' lang='lat' dir='ltr'>forsitan</span> <span class='ocrx_word' id='word_1_157' title='bbox 930 1554 1168 1610; x_wconf 87' lang='lat' dir='ltr'>quispiam,</span> <span class='ocrx_word' id='word_1_158' title='bbox 1201 1568 1287 1609; x_wconf 86' lang='lat' dir='ltr'>qua</span> <span class='ocrx_word' id='word_1_159' title='bbox 1317 1568 1364 1596; x_wconf 89' lang='lat' dir='ltr'>re</span> <span class='ocrx_word' id='word_1_160' title='bbox 1396 1560 1642 1597; x_wconf 88' lang='lat' dir='ltr'>commotus</span> <span class='ocrx_word' id='word_1_161' title='bbox 1673 1552 1735 1597; x_wconf 86' lang='lat' dir='ltr'>fe-</span> 
     </span>
     <span class='ocr_line' id='line_1_21' title="bbox 251 1621 1734 1677; baseline -0.001 -13"><span class='ocrx_word' id='word_1_162' title='bbox 251 1623 405 1671; x_wconf 88' lang='lat' dir='ltr'>cerim,</span> <span class='ocrx_word' id='word_1_163' title='bbox 435 1628 486 1664; x_wconf 86' lang='lat' dir='ltr'>ut</span> <span class='ocrx_word' id='word_1_164' title='bbox 516 1622 573 1664; x_wconf 92' lang='lat' dir='ltr'>ad</span> <span class='ocrx_word' id='word_1_165' title='bbox 606 1622 918 1663; x_wconf 88' lang='lat' dir='ltr'>Anaximenem</span> <span class='ocrx_word' id='word_1_166' title='bbox 949 1622 1226 1677; x_wconf 83' lang='lat' dir='ltr'>potissimum</span> <span class='ocrx_word' id='word_1_167' title='bbox 1259 1621 1536 1669; x_wconf 88' lang='lat' dir='ltr'>accederem,</span> <span class='ocrx_word' id='word_1_168' title='bbox 1562 1621 1734 1663; x_wconf 88' lang='lat' dir='ltr'>Aristo—</span> 
     </span>
     <span class='ocr_line' id='line_1_22' title="bbox 250 1688 1732 1744; baseline -0.001 -12"><span class='ocrx_word' id='word_1_169' title='bbox 250 1690 403 1739; x_wconf 89' lang='lat' dir='ltr'>telem,</span> <span class='ocrx_word' id='word_1_170' title='bbox 435 1703 652 1731; x_wconf 91' lang='lat' dir='ltr'>summum</span> <span class='ocrx_word' id='word_1_171' title='bbox 683 1688 805 1730; x_wconf 91' lang='lat' dir='ltr'>illum</span> <span class='ocrx_word' id='word_1_172' title='bbox 838 1690 898 1731; x_wconf 90' lang='lat' dir='ltr'>rei</span> <span class='ocrx_word' id='word_1_173' title='bbox 921 1689 1153 1732; x_wconf 88' lang='lat' dir='ltr'>rhetoricae</span> <span class='ocrx_word' id='word_1_174' title='bbox 1176 1689 1528 1744; x_wconf 82' lang='lat' dir='ltr'>explanatorem,</span> <span class='ocrx_word' id='word_1_175' title='bbox 1551 1689 1732 1731; x_wconf 83' lang='lat' dir='ltr'>missum</span> 
     </span>
     <span class='ocr_line' id='line_1_23' title="bbox 250 1755 1734 1810; baseline -0.001 -12"><span class='ocrx_word' id='word_1_176' title='bbox 250 1755 452 1798; x_wconf 87' lang='lat' dir='ltr'>facerem.</span> <span class='ocrx_word' id='word_1_177' title='bbox 514 1756 586 1798; x_wconf 87' lang='lat' dir='ltr'>Ad</span> <span class='ocrx_word' id='word_1_178' title='bbox 616 1756 714 1798; x_wconf 85' lang='lat' dir='ltr'>haec</span> <span class='ocrx_word' id='word_1_179' title='bbox 744 1765 788 1797; x_wconf 89' lang='lat' dir='ltr'>et</span> <span class='ocrx_word' id='word_1_180' title='bbox 818 1757 967 1798; x_wconf 88' lang='lat' dir='ltr'>brevis</span> <span class='ocrx_word' id='word_1_181' title='bbox 1000 1758 1079 1798; x_wconf 89' lang='lat' dir='ltr'>erit</span> <span class='ocrx_word' id='word_1_182' title='bbox 1111 1765 1153 1798; x_wconf 88' lang='lat' dir='ltr'>et</span> <span class='ocrx_word' id='word_1_183' title='bbox 1183 1755 1324 1797; x_wconf 87' lang='lat' dir='ltr'>facilis</span> <span class='ocrx_word' id='word_1_184' title='bbox 1357 1756 1605 1810; x_wconf 84' lang='lat' dir='ltr'>responsio.</span> <span class='ocrx_word' id='word_1_185' title='bbox 1639 1757 1734 1798; x_wconf 90' lang='lat' dir='ltr'>Ari-</span> 
     </span>
     <span class='ocr_line' id='line_1_24' title="bbox 252 1822 1735 1880; baseline -0.001 -13"><span class='ocrx_word' id='word_1_186' title='bbox 252 1824 439 1867; x_wconf 91' lang='lat' dir='ltr'>stoteles</span> <span class='ocrx_word' id='word_1_187' title='bbox 486 1824 599 1867; x_wconf 89' lang='lat' dir='ltr'>enim</span> <span class='ocrx_word' id='word_1_188' title='bbox 633 1837 767 1880; x_wconf 90' lang='lat' dir='ltr'>quum</span> <span class='ocrx_word' id='word_1_189' title='bbox 798 1838 888 1866; x_wconf 89' lang='lat' dir='ltr'>rem</span> <span class='ocrx_word' id='word_1_190' title='bbox 921 1823 1051 1866; x_wconf 86' lang='lat' dir='ltr'>alt-ius</span> <span class='ocrx_word' id='word_1_191' title='bbox 1082 1822 1366 1880; x_wconf 76' lang='lat' dir='ltr'>repetendam</span> <span class='ocrx_word' id='word_1_192' title='bbox 1399 1822 1583 1865; x_wconf 89' lang='lat' dir='ltr'>duxisse</span> <span class='ocrx_word' id='word_1_193' title='bbox 1614 1823 1735 1866; x_wconf 88' lang='lat' dir='ltr'>vide-</span> 
     </span>
     <span class='ocr_line' id='line_1_25' title="bbox 252 1892 1731 1947; baseline 0 -13"><span class='ocrx_word' id='word_1_194' title='bbox 252 1901 372 1940; x_wconf 84' lang='lat' dir='ltr'>atur,</span> <span class='ocrx_word' id='word_1_195' title='bbox 404 1906 430 1934; x_wconf 85' lang='lat' dir='ltr'>a</span> <span class='ocrx_word' id='word_1_196' title='bbox 461 1907 583 1934; x_wconf 90' lang='lat' dir='ltr'>more</span> <span class='ocrx_word' id='word_1_197' title='bbox 628 1893 857 1934; x_wconf 87' lang='lat' dir='ltr'>rhetorum</span> <span class='ocrx_word' id='word_1_198' title='bbox 903 1892 1146 1933; x_wconf 87' lang='lat' dir='ltr'>abhorrens</span> <span class='ocrx_word' id='word_1_199' title='bbox 1198 1892 1331 1947; x_wconf 89' lang='lat' dir='ltr'>paulo</span> <span class='ocrx_word' id='word_1_200' title='bbox 1363 1892 1570 1933; x_wconf 91' lang='lat' dir='ltr'>subtilius</span> <span class='ocrx_word' id='word_1_201' title='bbox 1603 1906 1731 1947; x_wconf 83' lang='lat' dir='ltr'>quam</span> 
     </span>
     <span class='ocr_line' id='line_1_26' title="bbox 251 1958 1732 2019; baseline -0.001 -15"><span class='ocrx_word' id='word_1_202' title='bbox 251 1976 335 2019; x_wconf 90' lang='lat' dir='ltr'>pro</span> <span class='ocrx_word' id='word_1_203' title='bbox 366 1960 451 2004; x_wconf 91' lang='lat' dir='ltr'>fori</span> <span class='ocrx_word' id='word_1_204' title='bbox 484 1976 569 2004; x_wconf 90' lang='lat' dir='ltr'>usu</span> <span class='ocrx_word' id='word_1_205' title='bbox 602 1962 951 2016; x_wconf 88' lang='lat' dir='ltr'>concionumque</span> <span class='ocrx_word' id='word_1_206' title='bbox 983 1959 1290 2001; x_wconf 82' lang='lat' dir='ltr'>certaminibus</span> <span class='ocrx_word' id='word_1_207' title='bbox 1323 1958 1577 2015; x_wconf 88' lang='lat' dir='ltr'>disputavit.</span> <span class='ocrx_word' id='word_1_208' title='bbox 1618 1958 1732 2002; x_wconf 89' lang='lat' dir='ltr'>Con·</span> 
     </span>
     <span class='ocr_line' id='line_1_27' title="bbox 252 2027 1732 2072; baseline -0.001 0"><span class='ocrx_word' id='word_1_209' title='bbox 252 2037 320 2072; x_wconf 85' lang='lat' dir='ltr'>tra</span> <span class='ocrx_word' id='word_1_210' title='bbox 352 2044 403 2072; x_wconf 85' lang='lat' dir='ltr'>ea</span> <span class='ocrx_word' id='word_1_211' title='bbox 435 2030 731 2072; x_wconf 84' lang='lat' dir='ltr'>Anaximenes</span> <span class='ocrx_word' id='word_1_212' title='bbox 764 2029 909 2070; x_wconf 90' lang='lat' dir='ltr'>omnia</span> <span class='ocrx_word' id='word_1_213' title='bbox 940 2028 997 2070; x_wconf 84' lang='lat' dir='ltr'>ad</span> <span class='ocrx_word' id='word_1_214' title='bbox 1021 2042 1250 2069; x_wconf 87' lang='lat' dir='ltr'>causarum</span> <span class='ocrx_word' id='word_1_215' title='bbox 1275 2028 1499 2070; x_wconf 86' lang='lat' dir='ltr'>veritatem</span> <span class='ocrx_word' id='word_1_216' title='bbox 1523 2027 1732 2070; x_wconf 86' lang='lat' dir='ltr'>civilium-</span> 
     </span>
     <span class='ocr_line' id='line_1_28' title="bbox 254 2094 1734 2155; baseline -0.002 -15"><span class='ocrx_word' id='word_1_217' title='bbox 254 2113 339 2155; x_wconf 90' lang='lat' dir='ltr'>que</span> <span class='ocrx_word' id='word_1_218' title='bbox 381 2096 754 2154; x_wconf 86' lang='lat' dir='ltr'>disceptat-ionum</span> <span class='ocrx_word' id='word_1_219' title='bbox 786 2095 1153 2138; x_wconf 85' lang='lat' dir='ltr'>consuetudinem</span> <span class='ocrx_word' id='word_1_220' title='bbox 1186 2094 1460 2136; x_wconf 85' lang='lat' dir='ltr'>conformata</span> <span class='ocrx_word' id='word_1_221' title='bbox 1490 2108 1734 2137; x_wconf 89' lang='lat' dir='ltr'>accommo-</span> 
     </span>
     <span class='ocr_line' id='line_1_29' title="bbox 254 2165 433 2207; baseline -0.006 0"><span class='ocrx_word' id='word_1_222' title='bbox 254 2165 433 2207; x_wconf 75' lang='lat' dir='ltr'>davit10.</span> 
     </span>
    </p>
   </div>
   <div class='ocr_carea' id='block_1_3' title="bbox 252 2274 1739 2840">
    <p class='ocr_par' dir='ltr' id='par_1_4' title="bbox 252 2274 1735 2439">
     <span class='ocr_line' id='line_1_30' title="bbox 253 2274 1733 2324; baseline -0.002 -12"><span class='ocrx_word' id='word_1_223' title='bbox 253 2277 328 2312; x_wconf 91' lang='lat' dir='ltr'>und</span> <span class='ocrx_word' id='word_1_224' title='bbox 355 2289 399 2312; x_wconf 92' lang='lat' dir='ltr'>so</span> <span class='ocrx_word' id='word_1_225' title='bbox 425 2290 534 2324; x_wconf 83' lang='lat' dir='ltr'>gross</span> <span class='ocrx_word' id='word_1_226' title='bbox 561 2279 610 2313; x_wconf 86' lang='lat' dir='ltr'>ist</span> <span class='ocrx_word' id='word_1_227' title='bbox 635 2277 693 2312; x_wconf 87' lang='lat' dir='ltr'>die</span> <span class='ocrx_word' id='word_1_228' title='bbox 719 2277 983 2319; x_wconf 84' lang='lat' dir='ltr'>Aelmlichkeit,</span> <span class='ocrx_word' id='word_1_229' title='bbox 1021 2277 1108 2312; x_wconf 87' lang='lat' dir='ltr'>dass</span> <span class='ocrx_word' id='word_1_230' title='bbox 1146 2287 1229 2311; x_wconf 81' lang='lat' dir='ltr'>man</span> <span class='ocrx_word' id='word_1_231' title='bbox 1265 2274 1319 2310; x_wconf 84' lang='lat' dir='ltr'>oft</span> <span class='ocrx_word' id='word_1_232' title='bbox 1350 2275 1395 2310; x_wconf 89' lang='lat' dir='ltr'>im</span> <span class='ocrx_word' id='word_1_233' title='bbox 1422 2274 1568 2310; x_wconf 86' lang='lat' dir='ltr'>Zweifel</span> <span class='ocrx_word' id='word_1_234' title='bbox 1594 2275 1657 2317; x_wconf 88' lang='lat' dir='ltr'>ist,</span> <span class='ocrx_word' id='word_1_235' title='bbox 1685 2275 1733 2310; x_wconf 89' lang='lat' dir='ltr'>ob</span> 
     </span>
     <span class='ocr_line' id='line_1_31' title="bbox 254 2332 1735 2380; baseline -0.002 -11"><span class='ocrx_word' id='word_1_236' title='bbox 254 2334 312 2369; x_wconf 83' lang='lat' dir='ltr'>die</span> <span class='ocrx_word' id='word_1_237' title='bbox 338 2334 454 2369; x_wconf 84' lang='lat' dir='ltr'>Lehre</span> <span class='ocrx_word' id='word_1_238' title='bbox 481 2346 546 2369; x_wconf 89' lang='lat' dir='ltr'>aus</span> <span class='ocrx_word' id='word_1_239' title='bbox 574 2334 639 2369; x_wconf 84' lang='lat' dir='ltr'>der</span> <span class='ocrx_word' id='word_1_240' title='bbox 662 2334 765 2368; x_wconf 88' lang='lat' dir='ltr'>Rede</span> <span class='ocrx_word' id='word_1_241' title='bbox 790 2345 1021 2380; x_wconf 69' lang='lat' dir='ltr'>gemmmen,</span> <span class='ocrx_word' id='word_1_242' title='bbox 1059 2334 1149 2368; x_wconf 82' lang='lat' dir='ltr'>oder</span> <span class='ocrx_word' id='word_1_243' title='bbox 1173 2333 1400 2379; x_wconf 85' lang='lat' dir='ltr'>umgekehrt,</span> <span class='ocrx_word' id='word_1_244' title='bbox 1436 2332 1493 2367; x_wconf 82' lang='lat' dir='ltr'>die</span> <span class='ocrx_word' id='word_1_245' title='bbox 1530 2332 1632 2367; x_wconf 86' lang='lat' dir='ltr'>Rede</span> <span class='ocrx_word' id='word_1_246' title='bbox 1670 2333 1735 2367; x_wconf 89' lang='lat' dir='ltr'>der</span> 
     </span>
     <span class='ocr_line' id='line_1_32' title="bbox 252 2391 1221 2439; baseline -0.002 -12"><span class='ocrx_word' id='word_1_247' title='bbox 252 2391 370 2427; x_wconf 88' lang='lat' dir='ltr'>Lehre</span> <span class='ocrx_word' id='word_1_248' title='bbox 395 2391 469 2427; x_wconf 93' lang='lat' dir='ltr'>und</span> <span class='ocrx_word' id='word_1_249' title='bbox 496 2391 704 2428; x_wconf 79' lang='lat' dir='ltr'>Vorschrift</span> <span class='ocrx_word' id='word_1_250' title='bbox 730 2392 943 2439; x_wconf 85' lang='lat' dir='ltr'>angeeignet</span> <span class='ocrx_word' id='word_1_251' title='bbox 966 2391 1114 2426; x_wconf 86' lang='lat' dir='ltr'>worden</span> <span class='ocrx_word' id='word_1_252' title='bbox 1140 2392 1187 2426; x_wconf 87' lang='lat' dir='ltr'>ist</span> <span class='ocrx_word' id='word_1_253' title='bbox 1201 2391 1221 2405; x_wconf 89' lang='lat'>&#39;’</span> 
     </span>
    </p>

    <p class='ocr_par' dir='ltr' id='par_1_5' title="bbox 253 2447 1739 2840">
     <span class='ocr_line' id='line_1_33' title="bbox 349 2447 1734 2495; baseline -0.001 -12"><span class='ocrx_word' id='word_1_254' title='bbox 349 2451 394 2484; x_wconf 86' lang='lat'>10</span> <span class='ocrx_word' id='word_1_255' title='bbox 419 2449 531 2495; x_wconf 88' lang='lat' dir='ltr'>Cujus</span> <span class='ocrx_word' id='word_1_256' title='bbox 558 2450 745 2484; x_wconf 79' lang='lat' dir='ltr'>sententiae</span> <span class='ocrx_word' id='word_1_257' title='bbox 773 2454 956 2482; x_wconf 85' lang='lat' dir='ltr'>auctorem</span> <span class='ocrx_word' id='word_1_258' title='bbox 981 2449 1098 2482; x_wconf 85' lang='lat' dir='ltr'>habeo</span> <span class='ocrx_word' id='word_1_259' title='bbox 1125 2449 1215 2483; x_wconf 83' lang='lat' dir='ltr'>satis</span> <span class='ocrx_word' id='word_1_260' title='bbox 1253 2449 1468 2495; x_wconf 89' lang='lat' dir='ltr'>locupletem</span> <span class='ocrx_word' id='word_1_261' title='bbox 1506 2447 1734 2482; x_wconf 84' lang='lat' dir='ltr'>Leonardum</span> 
     </span>
     <span class='ocr_line' id='line_1_34' title="bbox 254 2503 1733 2553; baseline 0 -13"><span class='ocrx_word' id='word_1_262' title='bbox 254 2505 507 2553; x_wconf 85' lang='lat' dir='ltr'>Spengelium,</span> <span class='ocrx_word' id='word_1_263' title='bbox 533 2507 786 2553; x_wconf 86' lang='lat' dir='ltr'>peritissimum</span> <span class='ocrx_word' id='word_1_264' title='bbox 814 2506 936 2540; x_wconf 86' lang='lat' dir='ltr'>harum</span> <span class='ocrx_word' id='word_1_265' title='bbox 963 2517 1077 2540; x_wconf 88' lang='lat' dir='ltr'>rerum</span> <span class='ocrx_word' id='word_1_266' title='bbox 1097 2505 1388 2541; x_wconf 84' lang='lat' dir='ltr'>existimatorem.</span> <span class='ocrx_word' id='word_1_267' title='bbox 1413 2524 1456 2531; x_wconf 89' lang='lat'>—</span> <span class='ocrx_word' id='word_1_268' title='bbox 1484 2524 1528 2530; x_wconf 89' lang='lat'>—-</span> <span class='ocrx_word' id='word_1_269' title='bbox 1553 2503 1620 2550; x_wconf 90' lang='lat' dir='ltr'>&#39;’ja,</span> <span class='ocrx_word' id='word_1_270' title='bbox 1646 2504 1733 2540; x_wconf 81' lang='lat' dir='ltr'>dass</span> 
     </span>
     <span class='ocr_line' id='line_1_35' title="bbox 253 2554 1734 2612; baseline 0 -14"><span class='ocrx_word' id='word_1_271' title='bbox 253 2565 312 2599; x_wconf 88' lang='lat' dir='ltr'>ich</span> <span class='ocrx_word' id='word_1_272' title='bbox 338 2565 419 2599; x_wconf 84' lang='lat' dir='ltr'>kein</span> <span class='ocrx_word' id='word_1_273' title='bbox 445 2554 639 2600; x_wconf 75' lang='lat' dir='ltr'>Bedenken</span> <span class='ocrx_word' id='word_1_274' title='bbox 674 2572 793 2612; x_wconf 83' lang='lat' dir='ltr'>trage,</span> <span class='ocrx_word' id='word_1_275' title='bbox 832 2563 901 2599; x_wconf 90' lang='lat' dir='ltr'>den</span> <span class='ocrx_word' id='word_1_276' title='bbox 937 2562 1067 2598; x_wconf 74' lang='lat' dir='ltr'>Werth</span> <span class='ocrx_word' id='word_1_277' title='bbox 1101 2563 1220 2599; x_wconf 86' lang='lat' dir='ltr'>dieser</span> <span class='ocrx_word' id='word_1_278' title='bbox 1245 2563 1416 2599; x_wconf 81' lang='lat' dir='ltr'>Rlietorik</span> <span class='ocrx_word' id='word_1_279' title='bbox 1442 2563 1476 2604; x_wconf 88' lang='lat' dir='ltr'>(i.</span> <span class='ocrx_word' id='word_1_280' title='bbox 1502 2573 1532 2597; x_wconf 89' lang='lat' dir='ltr'>e.</span> <span class='ocrx_word' id='word_1_281' title='bbox 1559 2562 1662 2597; x_wconf 87' lang='lat' dir='ltr'>Rhet.</span> <span class='ocrx_word' id='word_1_282' title='bbox 1689 2562 1734 2598; x_wconf 86' lang='lat' dir='ltr'>ad</span> 
     </span>
     <span class='ocr_line' id='line_1_36' title="bbox 253 2620 1734 2666; baseline 0 -11"><span class='ocrx_word' id='word_1_283' title='bbox 253 2622 377 2666; x_wconf 86' lang='lat' dir='ltr'>Alex.)</span> <span class='ocrx_word' id='word_1_284' title='bbox 413 2621 482 2655; x_wconf 79' lang='lat' dir='ltr'>fiir</span> <span class='ocrx_word' id='word_1_285' title='bbox 517 2634 596 2656; x_wconf 91' lang='lat' dir='ltr'>uns</span> <span class='ocrx_word' id='word_1_286' title='bbox 635 2635 726 2657; x_wconf 91' lang='lat' dir='ltr'>zum</span> <span class='ocrx_word' id='word_1_287' title='bbox 767 2621 1097 2657; x_wconf 61' lang='lat' dir='ltr'>Verstfzndniss</span> <span class='ocrx_word' id='word_1_288' title='bbox 1136 2622 1212 2656; x_wconf 88' lang='lat' dir='ltr'>der</span> <span class='ocrx_word' id='word_1_289' title='bbox 1248 2621 1398 2656; x_wconf 84' lang='lat' dir='ltr'>Reden</span> <span class='ocrx_word' id='word_1_290' title='bbox 1433 2620 1510 2655; x_wconf 84' lang='lat' dir='ltr'>der</span> <span class='ocrx_word' id='word_1_291' title='bbox 1536 2620 1666 2655; x_wconf 85' lang='lat' dir='ltr'>Alten</span> <span class='ocrx_word' id='word_1_292' title='bbox 1692 2638 1734 2647; x_wconf 90' lang='lat'>-</span> 
     </span>
     <span class='ocr_line' id='line_1_37' title="bbox 256 2677 1738 2717; baseline 0 -5"><span class='ocrx_word' id='word_1_293' title='bbox 256 2679 355 2713; x_wconf 89' lang='lat' dir='ltr'>nicht</span> <span class='ocrx_word' id='word_1_294' title='bbox 381 2691 443 2712; x_wconf 90' lang='lat' dir='ltr'>zur</span> <span class='ocrx_word' id='word_1_295' title='bbox 471 2678 682 2714; x_wconf 84' lang='lat' dir='ltr'>Erkentniss</span> <span class='ocrx_word' id='word_1_296' title='bbox 710 2680 775 2715; x_wconf 81' lang='lat' dir='ltr'>dei·</span> <span class='ocrx_word' id='word_1_297' title='bbox 801 2678 1091 2714; x_wconf 83' lang='lat' dir='ltr'>Beredtsamkeit</span> <span class='ocrx_word' id='word_1_298' title='bbox 1116 2690 1159 2713; x_wconf 84' lang='lat' dir='ltr'>an</span> <span class='ocrx_word' id='word_1_299' title='bbox 1186 2679 1263 2713; x_wconf 89' lang='lat' dir='ltr'>sich</span> <span class='ocrx_word' id='word_1_300' title='bbox 1290 2699 1332 2704; x_wconf 94' lang='lat'><strong>—</strong></span> <span class='ocrx_word' id='word_1_301' title='bbox 1358 2678 1480 2717; x_wconf 62' lang='lat' dir='ltr'>hohen</span> <span class='ocrx_word' id='word_1_302' title='bbox 1507 2677 1560 2711; x_wconf 86' lang='lat' dir='ltr'>als</span> <span class='ocrx_word' id='word_1_303' title='bbox 1588 2677 1658 2712; x_wconf 90' lang='lat' dir='ltr'>den</span> <span class='ocrx_word' id='word_1_304' title='bbox 1672 2677 1738 2712; x_wconf 87' lang='lat' dir='ltr'>der</span> 
     </span>
     <span class='ocr_line' id='line_1_38' title="bbox 256 2734 1735 2784; baseline 0 -14"><span class='ocrx_word' id='word_1_305' title='bbox 256 2737 560 2771; x_wconf 86' lang='lat' dir='ltr'>Aristotelischen</span> <span class='ocrx_word' id='word_1_306' title='bbox 588 2736 887 2784; x_wconf 82' lang='lat' dir='ltr'>anzuschlagen.”</span> <span class='ocrx_word' id='word_1_307' title='bbox 935 2735 1111 2770; x_wconf 87' lang='lat' dir='ltr'>Zeitschr.</span> <span class='ocrx_word' id='word_1_308' title='bbox 1135 2735 1159 2770; x_wconf 91' lang='lat' dir='ltr'>f.</span> <span class='ocrx_word' id='word_1_309' title='bbox 1185 2735 1446 2770; x_wconf 85' lang='lat' dir='ltr'>Alterth.wiss.</span> <span class='ocrx_word' id='word_1_310' title='bbox 1465 2734 1569 2777; x_wconf 88' lang='grc'>1840,</span> <span class='ocrx_word' id='word_1_311' title='bbox 1586 2747 1618 2782; x_wconf 89' lang='lat' dir='ltr'>p.</span> <span class='ocrx_word' id='word_1_312' title='bbox 1635 2735 1735 2771; x_wconf 81' lang='lat'>1259.</span> 
     </span>
     <span class='ocr_line' id='line_1_39' title="bbox 262 2791 1739 2840; baseline -0.001 -12"><span class='ocrx_word' id='word_1_313' title='bbox 262 2794 316 2829; x_wconf 83' lang='lat' dir='ltr'>Cf.</span> <span class='ocrx_word' id='word_1_314' title='bbox 342 2794 453 2837; x_wconf 88' lang='lat' dir='ltr'>Idem,</span> <span class='ocrx_word' id='word_1_315' title='bbox 481 2794 603 2830; x_wconf 87' lang='lat' dir='ltr'>Ueber</span> <span class='ocrx_word' id='word_1_316' title='bbox 629 2794 695 2829; x_wconf 86' lang='lat' dir='ltr'>das</span> <span class='ocrx_word' id='word_1_317' title='bbox 722 2795 828 2830; x_wconf 80' lang='lat' dir='ltr'>Stud.</span> <span class='ocrx_word' id='word_1_318' title='bbox 853 2794 918 2829; x_wconf 88' lang='lat' dir='ltr'>der</span> <span class='ocrx_word' id='word_1_319' title='bbox 941 2793 1047 2828; x_wconf 85' lang='lat' dir='ltr'>Rhet.</span> <span class='ocrx_word' id='word_1_320' title='bbox 1072 2793 1162 2840; x_wconf 86' lang='lat' dir='ltr'>p.11</span> <span class='ocrx_word' id='word_1_321' title='bbox 1184 2805 1239 2840; x_wconf 91' lang='lat' dir='ltr'>sq.</span> <span class='ocrx_word' id='word_1_322' title='bbox 1256 2805 1289 2839; x_wconf 90' lang='lat' dir='ltr'>p.</span> <span class='ocrx_word' id='word_1_323' title='bbox 1308 2793 1363 2827; x_wconf 80' lang='lat'>23.</span> <span class='ocrx_word' id='word_1_324' title='bbox 1388 2791 1542 2828; x_wconf 88' lang='lat' dir='ltr'>Usener.</span> <span class='ocrx_word' id='word_1_325' title='bbox 1563 2792 1584 2828; x_wconf 80' lang='lat' dir='ltr'>l.</span> <span class='ocrx_word' id='word_1_326' title='bbox 1599 2792 1619 2827; x_wconf 92' lang='lat' dir='ltr'>l.</span> <span class='ocrx_word' id='word_1_327' title='bbox 1634 2804 1668 2840; x_wconf 90' lang='lat' dir='ltr'>p.</span> <span class='ocrx_word' id='word_1_328' title='bbox 1684 2792 1739 2828; x_wconf 87' lang='lat'>30.</span> 
     </span>
    </p>
   </div>
  </div>
 </body>
</html>
