1938 3153
1547 155 1602 197 57

244 271 277 327 ²)
307 271 458 315 Simile
502 270 608 327 quid
653 270 875 328 Ephialtae
907 269 1085 319 accidit,
1129 277 1174 313 et
1205 285 1342 327 puero
1374 268 1548 313 cuidam
1580 269 1660 312 do-

274 339 377 381 mini
422 340 491 381 sui
535 339 824 389 interfectori,
875 344 920 381 et
950 338 1094 381 Sosiae
1124 338 1198 379 uni
1230 353 1284 380 ex
1316 338 1661 381 Hellenotamiis.

274 411 296 460 s
327 406 510 451 68-70.
532 433 585 440 -—
607 407 952 466 παραδείγματα.
980 431 1026 438 -

245 476 278 531 ³)
310 475 457 529 Quare
503 477 788 520 differendum
828 476 1064 534 judicium,
1111 473 1215 518 dum
1246 482 1400 532 aperta
1431 475 1489 518 sit
1518 491 1602 519 res.
1634 474 1661 533 §

230 568 234 572 ·
276 544 459 587 71-73,

191 610 431 655 VILPater
463 611 712 655 defenditur
743 611 768 669 §
801 611 983 654 74—80.

274 680 382 723 Haec
413 681 551 737 patris
585 680 784 722 defensio
821 681 880 722 ita
912 686 1067 722 exacta
1098 679 1274 723 videtur
1305 695 1405 723 esse
1436 680 1494 722 ad
1526 686 1663 722 artem

277 757 320 793 et
349 756 592 807 praecepta,
621 756 690 797 ut,
722 747 922 804 quamvis
955 747 1013 789 sit
1044 763 1146 804 pars
1178 749 1314 791 totius
1348 750 1663 798 orationis,ta-

275 833 394 866 men,
425 818 463 859 si
495 832 573 873 per
604 831 652 858 se
684 817 1001 865 consideretur,
1032 817 1075 857 in
1107 832 1156 858 se
1186 818 1285 872 ipsa
1315 824 1408 859 tota
1431 825 1474 858 et
1494 818 1700 916 integra(

278 885 480 942 quaedam
511 885 569 926 sit
598 884 730 940 inque
760 892 912 940 partes
943 885 1042 940 ipsa
1074 884 1303 941 disposita.
1366 884 1478 938 Quae
1510 898 1639 940 quam

279 967 410 1010 quam
456 967 511 995 ex
556 953 836 996 Anaximenis
882 953 1118 1009 praeceptis
1158 951 1350 1003 ἐξέτασις
1381 966 1469 995 non
1501 951 1666 994 diserte

279 1022 365 1065 dici
395 1027 565 1078 potest,
596 1019 792 1071 ἐξετάσει
823 1027 966 1064 tamen
998 1035 1085 1063 non
1117 1020 1343 1062 dissimilis
1376 1026 1457 1063 est.

253 1092 288 1134 1.
319 1090 625 1147 προοίμιον.
666 1088 691 1145 §
738 1089 919 1131 74-75.
950 1087 1183 1146 πρόθεσις.
1220 1088 1335 1146 πρὸς
1367 1087 1556 1132 εὔνοιαν.
1586 1086 1666 1131 ἐπὶ

278 1157 329 1200 τὸ
358 1159 607 1214 προσέχειν.
669 1155 732 1198 Cf.
765 1157 903 1199 Anax.
935 1172 975 1213 p.
1008 1157 1103 1206 230,
1141 1157 1189 1199 19
1221 1171 1320 1212 sqq.

249 1226 287 1269 2.
317 1225 606 1282 βεβαίωσις
635 1223 860 1279 (ἐξέτασις)
909 1223 958 1267 ἐκ
1006 1225 1193 1267 δυνατοῦ
1242 1223 1316 1267 καὶ
1345 1225 1530 1267 δικαίου.
1586 1223 1665 1273 Ea,

279 1308 379 1349 quae
410 1299 514 1334 sunt
543 1292 818 1341 narrationis,
849 1293 1167 1334 confirmationi
1198 1292 1393 1334 admixta
1424 1298 1540 1334 sunt.
1570 1292 1666 1348 §76

341 1362 396 1404 78
414 1360 461 1402 ³⁴.

249 1430 287 1473 3.
318 1427 584 1481 ἐπίλογος.
630 1424 884 1486 ἀνάμνησις.
924 1419 994 1481 εὗ,
1044 1428 1184 1477 κακῶς
1221 1428 1460 1471 διαθεῖναι.
1510 1428 1667 1485 προαί-

278 1509 408 1556 ρεσις.
441 1496 466 1553 §
498 1497 680 1539 79-80.
1556 1498 1559 1501 ’

192 1565 373 1611 VIILvo‘c
405 1562 497 1607 α’πό
529 1565 615 1607 τῶν
644 1565 765 1607 θεῶν
795 1569 991 1623 σημεῖα
1022 1563 1245 1619 γενόμενα.
1278 1563 1303 1620 §
1335 1563 1521 1608 81—84.

249 1634 285 1687 1)
315 1633 551 1676 Incolumis
583 1632 810 1689 profectus
842 1647 938 1675 sum
957 1633 1005 1674 ³⁵.
1037 1632 1134 1689 §81
1155 1632 1267 1675 -83.
1298 1658 1340 1663 —
1369 1632 1588 1688 μαρτυρία
1617 1656 1661 1663 -

193 1748 350 1783 siderate
377 1747 466 1793 agit,
500 1757 577 1792 quae
615 1747 722 1781 verba
748 1747 778 1781 si
803 1747 1009 1788 retinentur,
1044 1758 1117 1781 non
1155 1747 1237 1782 inde
1269 1752 1421 1793 propter
1445 1759 1499 1780 vv.
1523 1744 1670 1791 ἀφανής

194 1802 294 1839 ἐστιν
318 1803 408 1838 effici
434 1802 597 1849 ejusdem
615 1804 778 1839 vocabuli
804 1805 1040 1846 iterationem,
1065 1805 1178 1851 quivis
1205 1804 1309 1839 facile
1334 1804 1517 1851 perspicit.
1560 1804 1669 1839 Aliud

194 1862 286 1896 enim
312 1866 387 1901 est,
413 1861 588 1894 hominem
615 1873 687 1895 non
714 1873 904 1908 apparere,
930 1862 1044 1902 aliud,
1069 1873 1150 1896 eum
1176 1856 1367 1896 interiisse.

288 1917 333 1951 34
382 1916 400 1963 §
430 1917 472 1950 76
498 1913 581 1951 οὕτε
603 1919 673 1964 γὰρ
700 1916 861 1953 ἐκλιπεῖν
888 1920 956 1963 τήν
978 1916 1087 1952 πόλιν
1110 1916 1278 1964 εὖρόπως
1297 1916 1394 1961 εἶχεν
1411 1916 1530 1962 αὐτῷ·
1560 1914 1668 1952 ἱκανοὶ

193 1976 263 2022 γὰρ
292 1968 339 2019 ἦν
361 1976 408 2010 τὰ
433 1972 584 2021 ἐνέχυρα
607 1974 633 2008 ἂ
656 1975 810 2018 εἴχετο
841 1972 998 2015 αὐτοῦ,
1030 1973 1070 2009 οἵ
1096 1987 1136 2009 τε
1159 1971 1293 2010 παῖδες
1317 1977 1379 2008 καὶ
1406 1976 1453 2009 τὰ
1476 1973 1665 2023 χρήματα.

193 2033 363 2068 Maetzner
380 2044 411 2079 p.
431 2031 498 2066 235
517 2032 561 2066 de
579 2044 631 2065 vv.
655 2031 680 2065 ἂ
704 2032 823 2075 εἴχετο
847 2031 974 2066 αὐτοῦς
1000 2031 1110 2066 ”satis
1137 2032 1229 2066 enim
1255 2032 1366 2065 multa
1384 2040 1484 2066 erant
1504 2034 1670 2079 pignora,

194 2102 271 2139 qum
308 2090 354 2124 ibi
390 2109 435 2115 —
471 2086 581 2123 αὐτοῦ
607 2088 787 2136 Mytilenis
816 2111 856 2117 —
883 2089 1127 2125 tenebantur.'’
1187 2089 1262 2123 Imo
1301 2100 1404 2124 vero:
1445 2091 1534 2125 satis
1574 2091 1666 2125 enim

193 2149 305 2183 multa
329 2149 479 2194 pignora
511 2159 590 2182 eum
621 2145 759 2190 (αὐτοῦ)
783 2147 880 2182 firme
910 2147 1081 2182 tenebant
1104 2147 1267 2191 (εἴχετο).
1317 2147 1410 2182 Nam
1435 2146 1593 2191 ἔχεσθαί
1614 2161 1668 2183 τι-

192 2217 275 2246 νος,
303 2204 472 2252 aliquid
497 2204 622 2240 firme
648 2211 819 2245 tenere,
844 2205 1117 2240 usitatissimum
1136 2205 1230 2251 apud
1250 2206 1404 2240 Atticos.
1432 2204 1523 2240 Plat.
1548 2204 1668 2242 Phaed.

196 2263 271 2298 100.
297 2262 337 2296 D.
366 2262 441 2296 101.
467 2261 510 2297 Ι).
535 2263 577 2297 al.
629 2263 770 2298 Bakeus
797 2263 916 2298 Schol.
944 2262 1125 2310 Hypomn.
1143 2262 1169 2305 1,
1196 2264 1264 2299 214
1289 2263 1431 2304 fallitur,
1457 2274 1564 2309 quum
1583 2263 1670 2298 dicit

194 2331 216 2354 a
241 2319 403 2354 Bekkero
441 2325 617 2353 retentum
656 2331 739 2354 esse
778 2320 1008 2355 Reiskianum
1034 2320 1118 2355 illud
1145 2320 1274 2364 εἴχετε.
1324 2320 1460 2355 Contra
1485 2332 1528 2355 ea
1551 2321 1585 2355 in
1612 2321 1669 2356 ed.

193 2376 304 2412 Bekk.
330 2374 448 2419 εἴχετο
475 2376 614 2424 legitur.

288 2433 334 2470 35
381 2434 406 2477 ὃ
432 2433 473 2468 81
501 2433 610 2469 τοῦτο
634 2435 703 2480 μὲν
724 2437 769 2470 τὰ
796 2431 849 2471 εἷς
882 2436 968 2471 τοὺς
1001 2430 1187 2471 κινδύνους
1222 2432 1358 2478 ἥκοντα
1381 2433 1491 2469 ‘tofto
1520 2433 1560 2470 δὲ
1599 2431 1668 2473 εἷς

193 2494 242 2528 τὰ
264 2490 336 2536 ἔξω
366 2490 441 2527 τῶν
475 2488 663 2526 κινδύνων.
727 2493 868 2528 Bekker
904 2492 1141 2539 posteriorem
1182 2493 1476 2539 nraepositionem
1514 2489 1600 2535 εἷς,
1630 2501 1670 2530 ut

194 2551 287 2586 male
322 2551 531 2597 repetitam,
568 2550 717 2584 seclusit
754 2562 907 2598 eumque
944 2550 1106 2597 sequitur
1129 2549 1307 2585 Maetzner.
1357 2550 1499 2586 Turiec.
1525 2559 1562 2587 et
1586 2552 1666 2588 Car.

193 2608 346 2644 Mueller
369 2609 522 2644 retinent
547 2601 625 2642 εἷς.
677 2608 731 2642 Ac
756 2609 877 2654 possit
901 2608 1053 2643 forsitan
1087 2607 1159 2643 haee
1185 2619 1257 2642 vox
1282 2608 1445 2651 retineri,
1471 2622 1574 2657 quam
1613 2611 1669 2646 sic

195 2667 363 2712 explicari
401 2670 565 2713 oportet,
601 2670 640 2699 utv
675 2663 785 2699 τοῦτο
812 2662 853 2700 δὲ
877 2662 931 2702 εἷς
953 2666 999 2700 τὰ
1029 2676 1094 2712 pro
1119 2663 1229 2700 τοῦτο
1257 2663 1298 2701 δὲ
1322 2667 1376 2700 τὰ
1400 2663 1465 2703 εἷς
1489 2668 1543 2701 τὰ
1567 2668 1669 2716 posi-

194 2729 267 2757 tum
295 2723 445 2758 dicatur.
495 2723 548 2758 Cf.
574 2722 706 2769 Krueg.
735 2722 796 2758 Gr.
822 2723 885 2758 Gr.
911 2723 937 2766 1,
963 2722 1018 2765 58,
1044 2723 1077 2765 3,
1105 2722 1132 2757 l.
