1938 3153
290 201 347 244 40

234 374 322 407 satis
348 372 555 406 habuissem
580 371 679 407 brevi
705 378 741 407 et
766 373 917 419 simplici
944 373 1173 408 accusatione
1199 374 1344 422 defungi
1383 375 1450 410 sed
1490 374 1709 410 accusationi

234 430 381 463 alteram
420 440 564 476 quoque
602 439 740 476 partem
785 430 1044 477 adjunxissem,
1079 431 1148 464 hoc
1185 438 1260 472 est,
1297 432 1512 467 refutassem
1550 433 1708 479 argutias

233 486 331 532 ejus;
365 498 483 533 neque
520 487 587 522 hac
626 489 867 523 accusationis
904 489 1012 523 altera
1052 497 1153 534 parte
1190 490 1269 536 ipse
1295 496 1425 524 memet
1448 489 1709 525 fraudassem.”

230 544 351 587 (Hunc
379 545 493 579 secuti
520 550 603 579 sunt
629 544 755 586 Bekk„
782 545 939 587 Turicc.‚
966 546 1043 581 Car.
1068 545 1243 587 Mueller).

330 604 384 637 Ac
411 602 620 637 Maetzner
650 602 782 637 ”verba
820 600 846 646 ἢ
881 601 987 645 λέξας
1019 622 1059 629 -
1093 604 1206 651 inquit
1243 624 1285 630 —-
1323 616 1404 638 nam
1442 603 1535 651 vulg.
1565 601 1710 650 ἕλεγξας

234 659 320 705 [imo
359 672 444 694 vero
481 656 654 705 ἤλεγξας]
681 660 776 694 nihili
803 667 861 694 est
900 681 939 688 —
979 673 1056 708 quae
1093 662 1126 696 in
1165 661 1308 707 optimis
1347 669 1494 696 exstant
1523 660 1709 695 codicibus

233 717 369 764 glossae
396 718 553 763 speciem
579 728 652 763 prae
679 728 720 752 se
745 717 883 754 ferunt:
910 719 1039 766 quibus
1067 718 1218 754 seclusis
1245 719 1328 753 nihil
1354 718 1574 754 difficultatis
1604 718 1709 752 relin-

234 775 363 822 quitur.
414 774 494 809 Hoc
519 774 605 809 dicit
633 775 807 822 Antipho:
834 787 978 824 neque
1016 776 1144 817 enim,
1183 776 1219 810 si
1257 778 1524 822 suspicatus
1563 786 1711 810 essem

234 832 507 867 defensione
545 844 724 867 usurum
762 844 865 869 esse
902 846 1039 875 reum,
1076 834 1186 869 duas
1225 835 1461 869 orationes
1504 833 1710 868 accusati

234 900 318 924 una
358 889 438 923 hac
481 890 768 924 oratiuncula
808 902 1127 937 compensans,
1174 891 1353 925 dimidia
1394 891 1709 926 accusationis

235 949 362 995 parte
388 959 451 982 me
477 947 574 994 ipse
600 948 861 995 privassem.
911 948 964 984 Cf.
988 961 1012 983 α
1038 948 1056 995 §
1088 949 1134 983 Ι.”

330 1005 495 1052 Uterque
521 1006 573 1039 vir
598 1005 729 1040 doctus
756 1018 776 1040 a
802 1018 886 1041 vero
913 1007 1052 1041 videtur
1078 1007 1279 1041 aberrasse.
1339 1006 1467 1053 Neque
1504 1006 1595 1041 enim
1621 1005 1710 1040 dua—

236 1064 304 1098 bus
331 1069 477 1109 poterat
501 1062 566 1097 sed
593 1075 664 1097 una
690 1064 851 1098 oratione
878 1065 1038 1099 accusari
1065 1075 1166 1102 reus,
1192 1065 1398 1110 priusquam
1425 1074 1465 1098 se
1491 1062 1711 1098 defenderet.

235 1121 363 1168 Neque
390 1132 460 1154 una
484 1127 623 1154 tantum
650 1122 813 1155 oratione
839 1127 941 1155 actor
966 1132 1065 1156 reum
1092 1122 1274 1156 accusavit
1299 1121 1365 1156 sed
1393 1120 1552 1163 duabus;
1589 1131 1712 1167 aequo·

237 1190 306 1225 que
344 1190 491 1213 numero
530 1177 733 1211 orationum
772 1178 864 1212 inter
902 1190 943 1213 se
980 1179 1168 1212 certabant
1206 1185 1396 1212 accusator
1421 1185 1455 1212 et
1486 1189 1580 1212 reus.
1626 1177 1711 1213 Non

237 1236 347 1274 enim,
373 1234 471 1280 quod
499 1235 598 1280 prior
615 1235 839 1273 accusatoris
858 1235 974 1268 oratio
992 1235 1204 1269 brevissima
1228 1235 1311 1276 fuit,
1335 1235 1469 1269 idcirco
1487 1235 1581 1269 nulla
1598 1235 1712 1269 fuisse

235 1291 398 1338 putanda
422 1297 490 1325 est.
537 1290 651 1325 Paulo
678 1290 767 1325 infra
793 1291 938 1338 legitur:
964 1289 1040 1325 ἕνα
1075 1290 1144 1335 μὲν
1166 1292 1263 1336 πρὸς
1296 1289 1374 1325 ἕνα
1398 1288 1507 1337 λόγον
1530 1289 1713 1337 ἀπολογη-

236 1349 333 1383 θείς.
386 1347 575 1381 Enimvero
613 1349 647 1382 in
686 1349 864 1394 scriptura
888 1346 914 1391 ἢ
938 1347 1043 1389 λέξας
1065 1349 1119 1382 vel
1143 1344 1295 1394 ἤλεγξας
1318 1349 1429 1383 latere
1462 1349 1543 1382 mihi
1574 1348 1715 1383 videtur

237 1404 293 1445 id,
331 1404 431 1450 quod
470 1404 655 1450 Antiphon
693 1405 856 1451 scripsit,
893 1402 1092 1450 ἐλέγξας.
1145 1404 1352 1451 Legendum
1377 1405 1483 1451 igitur
1507 1425 1522 1431 -
1547 1424 1563 1431 ·
1588 1403 1714 1438 ἀντι-

239 1459 348 1497 δοὺς
372 1459 595 1507 ἐλέγξας·
616 1481 652 1494 -.
699 1458 1026 1496 Ἀντιδιὸόναι
1051 1467 1108 1496 est
1141 1461 1207 1505 (till
1241 1461 1366 1508 utbyte
1391 1461 1605 1505 framstfilla)
1631 1461 1712 1496 ali-

238 1519 343 1564 quid
386 1519 438 1552 ad
480 1518 850 1552 remunerandum
900 1530 1175 1564 proponere,
1209 1519 1307 1552 sive
1351 1520 1525 1553 illatum
1552 1520 1613 1553 sit
1652 1518 1714 1558 id,

239 1574 357 1622 quod
395 1581 718 1616 remuneretur,
755 1575 852 1610 sive
888 1575 1187 1611 inferendum:
1230 1575 1400 1611 offerre
1438 1575 1572 1609 alteri
1612 1586 1713 1621 per-

238 1635 534 1667 mutationem
575 1633 775 1678 alicujus
812 1635 885 1668 rei.
946 1633 999 1668 Cf.
1025 1633 1194 1668 Schaefer.
1222 1633 1267 1667 ad
1306 1633 1492 1668 Demostli.
1519 1632 1656 1679 Leptin.
1683 1644 1716 1679 p.

238 1689 319 1730 469,
347 1702 376 1723 ν.
403 1692 434 1725 5.
459 1690 515 1724 ed.
549 1691 677 1724 Bremii
711 1702 745 1736 p.
770 1689 839 1723 323
873 1701 925 1736 sq.
988 1690 1073 1724 Haec
1110 1690 1184 1724 fe're
1224 1697 1347 1724 orator
1384 1690 1521 1724 dixisse
1558 1689 1717 1723 videtur:

241 1749 404 1782 oratione
422 1759 536 1794 nuper
552 1748 676 1783 habita
700 1748 749 1781 ita
774 1758 848 1782 rem
874 1746 1086 1794 exigendam
1112 1748 1250 1794 putavi,
1276 1753 1314 1781 ut
1340 1746 1446 1781 filium
1466 1758 1581 1781 meum
1593 1746 1717 1793 jaculo

241 1805 450 1838 transfixum
479 1806 522 1838 ab
550 1805 784 1839 adolescente
809 1806 881 1837 isto
908 1805 1060 1849 periisse
1087 1804 1333 1843 ostenderem
1364 1804 1497 1839 caedem
1523 1805 1616 1838 illam
1643 1805 1719 1850 qui-

242 1861 323 1896 dem
364 1872 467 1904 esse,
506 1861 572 1897 sed
610 1873 683 1896 non
721 1860 889 1895 consulto
923 1868 959 1894 et
987 1861 1089 1907 quasi
1117 1861 1236 1896 dedita
1265 1872 1375 1908 opera
1399 1869 1587 1908 patratam.
1636 1859 1718 1903 Quo

242 1919 340 1953 facto
368 1920 527 1966 prudens
562 1931 603 1953 ac
636 1920 754 1953 sciens
788 1918 873 1959 feci,
914 1926 953 1952 ut
991 1918 1170 1954 dimidiam
1198 1920 1439 1954 accusationis
1466 1925 1603 1966 partem
1630 1930 1721 1966 prae-

243 1977 484 2011 termitterein.
534 1977 616 2011 Una
642 1987 727 2022 pars
756 1976 995 2010 accusationis
1034 1976 1099 2010 fuit
1135 1977 1227 2010 haec:
1264 1977 1307 2010 ab
1347 1977 1580 2011 adolescente
1611 1977 1720 2010 inter-

242 2041 375 2079 fectum
401 2046 485 2070 esse
512 2046 679 2082 puerum;
706 2033 833 2068 altera:
860 2034 904 2068 ab
932 2033 1165 2068 adolescente
1199 2047 1271 2069 uon
1297 2034 1406 2069 invito
1439 2033 1573 2069 caedem
1600 2043 1720 2080 patra-

243 2100 315 2127 tam
342 2103 435 2126 esse.
484 2092 601 2134 Quam
627 2103 697 2138 ego
725 2098 860 2136 partem
887 2103 960 2125 non
988 2092 1091 2126 omisi
1117 2093 1235 2127 solum
1261 2092 1327 2126 sed
1354 2093 1458 2126 etiam
1492 2091 1638 2131 sustuli,
1674 2091 1723 2125 si-

245 2149 387 2196 quidem
415 2150 680 2190 concedebam,
706 2148 840 2184 caedem
867 2160 938 2183 non
958 2148 1193 2183 voluntariam
1220 2160 1314 2183 esse.
1364 2147 1462 2190 Hoc,
1488 2148 1518 2182 si
1546 2158 1723 2194 saperem,

245 2218 319 2240 non
344 2207 513 2241 fecissem
538 2208 597 2249 (cf.
624 2207 643 2251 §
671 2209 691 2240 5
717 2209 831 2247 extu).
891 2206 982 2240 Nam
1022 2206 1121 2252 quod
1159 2217 1228 2252 ego
1267 2218 1310 2240 ex
1349 2206 1582 2240 accusatione
1615 2217 1633 2239 a
1667 2216 1722 2240 me

243 2262 341 2297 facta
367 2264 513 2303 sustuli,
539 2263 623 2298 inde
647 2263 715 2297 mei
742 2262 935 2296 accusandi
963 2263 1192 2296 occasionem
1219 2263 1287 2296 iste
1313 2263 1417 2307 cepit.
1453 2282 1494 2288 —
1528 2262 1583 2296 De
1606 2274 1723 2309 gram-

245 2321 374 2354 matica
401 2321 591 2355 verborum
618 2320 755 2354 ratione
781 2330 826 2353 ex
850 2320 910 2359 iis,
948 2330 1027 2364 quae
1053 2319 1223 2361 diximus,
1262 2321 1351 2353 satis
1378 2320 1504 2366 liquet:
1541 2330 1621 2353 nam
1647 2316 1725 2353 ἕνα

244 2375 383 2423 λόγον
407 2375 631 2412 ἀντιδοὺς
655 2376 750 2410 idem
775 2375 849 2410 fere
876 2382 933 2409 est
958 2375 1056 2421 quod
1083 2374 1164 2409 ἐπεὶ
1183 2374 1247 2409 ἕνα
1259 2374 1367 2421 λόγον
1380 2373 1554 2417 ἀντέδων,
1578 2374 1725 2421 ἐλέγξας

247 2442 365 2469 autem
393 2435 436 2470 ad
463 2432 702 2481 ἀπεστέρηοα
727 2432 952 2468 referendum
978 2440 1044 2467 est.
1094 2431 1143 2466 Cf
1173 2432 1305 2480 Krueg.
1332 2433 1391 2467 Gr.
1407 2432 1468 2467 Gr.
1494 2433 1519 2475 1,
1547 2433 1602 2473 56,
1628 2434 1677 2474 15,
1693 2435 1726 2467 4.

344 2524 386 2530 --
436 2503 494 2547 τῷ
521 2501 774 2546 διπλασίῳ,
805 2503 919 2538 altero
945 2508 1046 2536 tanto
1073 2503 1091 2535 i.
1119 2514 1146 2536 e.
1174 2502 1272 2547 quod
1298 2513 1366 2548 ego
1394 2503 1495 2537 unice
1523 2514 1562 2536 ac
1590 2501 1725 2547 simpli—

248 2561 338 2595 citer
364 2560 454 2601 dixi,
480 2560 516 2594 id
541 2562 598 2596 ille
625 2562 834 2608 duplicavit,
859 2560 1019 2594 nimirum
1047 2558 1109 2592 ἕνα
1132 2560 1228 2604 πρὸς
1253 2557 1315 2592 ἕνα
1345 2557 1452 2606 λόγον
1475 2556 1726 2603 ἀπολογηθεὶς

247 2619 415 2664 idemque
442 2616 468 2651 ἂ
490 2616 740 2663 κατηγόρησεν
764 2616 1023 2663 ἀναποκρίτως
1049 2614 1165 2650 εἰπών
1190 2616 1206 2652 i.
1234 2628 1264 2650 e.
1292 2629 1362 2650 uon
1391 2619 1506 2651 solum
1534 2626 1575 2649 se
1602 2613 1723 2648 defen-

249 2676 302 2709 dit
327 2676 393 2709 sed
421 2687 477 2709 me
503 2675 596 2707 ultro
625 2677 816 2709 accusavit.
867 2674 964 2707 Dixit
989 2673 1079 2706 enin·
1106 2685 1252 2717 puerum
1281 2685 1298 2706 a
1326 2685 1365 2706 se
1393 2674 1474 2717 ipso
1502 2671 1725 2705 interfectum

248 2743 343 2766 esse.
