1938 3153
315 211 367 254 18

252 324 546 380 appellasset,
578 324 622 365 in
654 330 851 367 extrema
873 326 1134 368 tractatione
1158 327 1255 384 ejus
1278 330 1470 381 exordii,
1493 329 1612 387 quod
1636 342 1733 371 sua-

253 392 390 434 sionis
413 397 457 433 et
480 390 777 434 dissuasionis
801 399 888 440 est,
910 393 996 434 hoc
1019 393 1131 436 dixit
1150 398 1211 451 (p.
1234 396 1331 447 218,
1353 399 1442 449 16):
1471 400 1627 441 τοῦτον
1654 394 1734 450 μὲν

251 452 330 501 οὖν
360 458 438 501 τὸν
468 459 638 516 τρόπον
667 460 743 507 τὰς
772 459 1172 509 καταστάσεις67
1193 464 1278 505 τῶν
1306 466 1609 522 δημηγορικῶν
1634 478 1733 506 ποι-

250 529 402 584 ητέον,
423 528 500 569 ubi
523 541 577 568 ex·
598 528 912 569 sententiarum
935 529 1231 584 perpetuitate
1253 540 1456 587 apparet,
1487 530 1734 575 καταστά-

252 606 366 643 σεις
395 595 511 636 idem
544 594 811 650 significare,
844 597 967 651 quod
991 611 1060 644 ea,
1084 611 1183 652 quae
1204 607 1306 640 ante
1327 607 1732 647 commemorantur,

252 663 531 720 προοίμια.
594 662 716 704 Idem
761 662 853 705 fere
899 665 941 705 in
990 679 1098 706 voce
1129 663 1391 717 ἐπιλόγου
1422 668 1542 723 apud
1573 667 1734 710 Anaxi-

251 745 420 772 menem
451 730 739 772 animadverti
770 740 931 786 potest.
993 732 1238 787 Postquam
1272 734 1403 783 enim,
1436 735 1608 789 qualem
1638 748 1736 790 per-

253 797 495 839 orationem
528 811 631 838 esse
664 805 912 853 oporteret,
945 800 1173 854 exposuit,
1207 800 1311 848 etsi,
1343 814 1433 855 quo
1465 802 1637 842 nomine
1659 815 1734 856 ap·

251 865 514 921 pelleretur,
547 879 633 907 non
665 865 894 916 indicavit,
927 875 1121 909 extrema
1154 865 1329 908 demum
1350 867 1434 909 hac
1456 868 1732 924 expositione

252 946 412 974 nomen
443 930 657 984 ἕπιλόγου
688 932 814 974 addit
845 949 886 989 p.
920 935 1015 983 237,
1048 934 1114 976 29.
1147 932 1200 974 cf.
1233 934 1328 980 240,
1365 936 1427 977 19.
1480 935 1559 976 His
1591 950 1645 977 ex
1666 949 1733 976 re-

253 1001 338 1043 bus
371 1000 575 1043 omnibus
608 1000 645 1042 si
677 1002 975 1057 conjecturam
1007 1001 1151 1044 facere
1174 1001 1276 1044 licet
1298 1002 1352 1044 de
1375 1018 1448 1051 eo,
1471 1002 1592 1058 quod
1615 1016 1734 1058 quae-

252 1069 411 1116 rimus,
457 1068 609 1109 nescio
656 1082 709 1109 an
758 1069 947 1123 quadam
980 1068 1372 1111 verisimilitudinis
1404 1071 1551 1125 specie
1585 1070 1733 1125 colligi

252 1135 420 1192 possit,
466 1134 653 1190 primum
695 1141 785 1177 tres
818 1141 985 1177 tantum
1018 1146 1168 1192 partes
1202 1136 1412 1178 orationis
1446 1136 1677 1179 distinctas
1708 1151 1735 1179 a

254 1203 420 1245 Corace
465 1201 625 1251 fuisse,
665 1208 757 1243 tum
788 1217 894 1243 vero
928 1203 1158 1244 exordium
1189 1204 1244 1245 ab
1278 1218 1330 1245 eo
1362 1204 1627 1246 κατάστασιν
1657 1219 1734 1260 ap-

254 1271 464 1327 pellatum
511 1283 624 1311 esse.
685 1270 785 1312 Hoc
830 1280 975 1311 autem
1019 1270 1081 1311 ita
1126 1270 1428 1326 accipiendum
1460 1271 1654 1321 videt-ur,
1685 1277 1735 1314 ut·

254 1338 311 1381 ad
352 1337 524 1379 exordii
557 1337 641 1378 vim
675 1345 718 1378 et
749 1338 974 1378 notionem
1007 1337 1299 1379 definiendam
1331 1353 1441 1380 voce
1472 1338 1735 1380 καταστάσε-

252 1422 312 1454 ως
343 1406 554 1448 Coracem
586 1418 715 1445 usum
748 1418 848 1445 esse
882 1404 1078 1445 dicamus
1112 1405 1364 1460 (προοίμιον
1394 1406 1472 1446 τοῦ
1499 1405 1632 1458 λόγου
1661 1420 1734 1447 κα-

251 1474 460 1520 τάστασίς
491 1472 585 1513 ἐστι
616 1471 722 1522 κτλ).
774 1471 951 1526 Epilogi
986 1479 1029 1513 et
1050 1486 1208 1513 nomen
1242 1479 1285 1513 et
1314 1487 1442 1513 usum
1474 1472 1641 1513 rhetori
1672 1472 1734 1514 illi

251 1549 478 1598 receptum
524 1539 663 1582 fuisse
709 1538 944 1580 verisimile
991 1544 1068 1580 est.
1136 1539 1241 1580 Haec
1287 1539 1377 1581 duo
1422 1540 1660 1596 προοίμιον
1692 1546 1736 1581 et

252 1609 462 1662 ἐπίλογον
509 1616 552 1650 et
582 1622 631 1649 re
662 1614 706 1648 et
738 1607 912 1648 nomine
936 1606 1028 1661 jam
1060 1606 1162 1648 inde
1192 1608 1247 1648 ab
1270 1607 1411 1648 initiis
1443 1608 1550 1648 artis
1582 1607 1732 1659 rhetof

253 1678 356 1719 ricae
386 1677 430 1717 in
461 1690 547 1716 usu
578 1675 739 1722 luisse,
773 1674 843 1715 vel
873 1672 975 1714 inde
1008 1673 1234 1728 quoddam
1258 1674 1645 1716 verisimilitudinis
1668 1689 1736 1716 ar-

254 1750 509 1800 gumentum
549 1742 646 1797 capi
679 1748 851 1796 potest,
884 1741 1006 1795 quod
1038 1756 1117 1795 per
1149 1741 1322 1797 longam
1353 1742 1470 1783 illam
1503 1742 1735 1784 rhetoricae

256 1810 376 1866 apud
410 1809 593 1850 Graecos
626 1809 892 1862 scriptorum
925 1808 1081 1848 seriem
1113 1814 1245 1861 atque
1277 1808 1494 1851 ordinem.
1525 1817 1735 1863 quantum

257 1876 435 1934 quidem
480 1881 633 1918 notum
679 1881 765 1924 est,
812 1889 986 1931 semper
1030 1875 1267 1918 immutatae
1312 1875 1382 1918 hae
1414 1876 1735 1932 appellationes

255 1950 522 1988 manserunt.
585 1942 718 1995 Quod
752 1942 928 1997 quidem
959 1943 1001 1983 in
1032 1942 1233 1999 διηγήσει
1264 1943 1390 1985 aliter
1421 1958 1470 1985 se
1501 1944 1655 1993 habet,
1685 1951 1736 1986 ut

256 2027 392 2069 supra
424 2012 773 2054 demonstratum
806 2017 886 2052 est.
948 2011 1013 2051 Ao
1045 2010 1100 2051 de
1131 2007 1265 2063 ἀγῶνι
1295 2025 1384 2052 non
1409 2012 1630 2053 minimum
1653 2012 1734 2054 du-

253 2081 479 2123 bitationis
511 2078 782 2133 relinquitur.
846 2077 1020 2129 Quibus
1053 2078 1164 2119 enim
1196 2078 1330 2118 rebus
1361 2079 1596 2131 βεβαίωσιν
1618 2086 1663 2120 et
1681 2078 1734 2120 τὰ

253 2146 367 2204 πρὸς
410 2145 512 2193 τοὺς
556 2141 802 2192 ἀντιδίκους
848 2145 942 2186 sive
982 2143 1328 2200 προκατάληψιν
1360 2151 1563 2187 constare
1594 2145 1736 2188 voluit

253 2215 571 2260 Anaximenes,
603 2226 678 2253 eas
709 2226 781 2252 res
813 2208 928 2263 ἀγών
959 2212 1164 2253 continet.
1227 2211 1317 2253 Sed
1349 2211 1482 2269 hujus
1516 2212 1638 2254 vocis
1661 2213 1735 2255 vix

255 2283 347 2325 ulla
377 2280 497 2337 apud
530 2278 798 2320 vetustiores
830 2278 1064 2320 rhetoricae
1097 2279 1339 2335 script-ores
1362 2280 1639 2336 reperiuntur
1661 2296 1736 2323 ve-

255 2349 405 2406 stigia,
450 2347 535 2389 nisi
568 2346 667 2401 quis
699 2343 816 2386 forte
847 2346 891 2387 in
922 2345 1010 2386 hoc
1040 2360 1201 2401 genere
1233 2360 1333 2388 esse
1365 2347 1483 2389 dicat
1513 2348 1578 2398 id,
1611 2348 1734 2404 quod

254 2417 390 2459 habet
420 2414 715 2457 Anaximenes
748 2427 783 2454 c.
815 2413 882 2455 33.
914 2427 956 2468 p.
989 2412 1084 2461 240,
1120 2413 1170 2454 13
1202 2412 1299 2455 ”τόν
1345 2414 1459 2472 πρὸς
1486 2415 1589 2464 τούς
1618 2413 1734 2458 ἅντι-

252 2485 402 2530 δίκους
446 2479 673 2535 ἅγῶνα”θδ.
735 2480 838 2523 Non
885 2485 955 2521 est
1001 2480 1190 2534 partium
1230 2482 1440 2524 orationis
1472 2482 1735 2538 appellatio,

347 2596 395 2631 67
444 2596 558 2630 Recte
584 2596 652 2630 hoc
680 2595 818 2630 monuit
844 2594 1000 2628 Usener.
1014 2607 1048 2640 p.
1063 2594 1120 2628 41.
1149 2595 1205 2629 cll.
1232 2595 1440 2636 Anax.218‚
1457 2597 1488 2629 7.
1514 2592 1661 2633 01:234,
1680 2593 1733 2626 16.

348 2653 393 2687 68
442 2652 573 2699 Neque
599 2652 683 2688 dum
709 2652 805 2700 apud
832 2651 1058 2687 Cornificium
1087 2663 1201 2700 neque
1239 2653 1335 2700 apud
1372 2652 1582 2688 Ciceronem
1618 2659 1737 2695 neque

253 2711 349 2757 apud
376 2709 632 2753 Quintilianum
658 2710 898 2746 contentio
925 2706 1051 2755 (ἀγών)
1077 2722 1119 2746 ea
1136 2710 1397 2757 significatione
1415 2713 1590 2754 usurpata
1603 2705 1736 2751 reperi-

1924 1327 1938 1368 „A
