1938 3153
1544 159 1595 202 13

183 289 282 318 esse
327 273 524 318 affirmat.
586 274 745 318 Melius
791 274 880 333 egit
926 273 1249 331 Doxopater
1278 274 1320 317 in
1350 275 1427 326 iis,
1458 288 1560 332 quae
1590 274 1654 318 in÷

182 344 434 385 scribuntur
464 343 773 401 Προλεγόμενα
801 345 879 402 τῆς
903 342 1183 400 “Ρητορικῆς,
1214 342 1356 384 Walz.
1388 344 1466 393 VI,
1501 344 1552 386 12
1584 358 1654 399 sq.

183 412 268 465 Qui
309 412 402 454 sive
434 427 489 455 ex
519 413 605 455 illis
636 413 745 469 ipsis
778 411 1130 468 ProlegomeniS‚
1162 410 1256 452 sive
1286 424 1340 452 ex
1372 411 1527 454 eodem
1556 411 1654 455 fon*

182 491 244 527 te,
291 496 380 536 quo
411 482 484 523 illa
516 480 803 530 manaverint,
835 495 916 522 sua
948 479 1181 528 derivavit,
1211 480 1272 521 ita
1303 494 1330 521 a
1360 478 1526 521 Corace
1557 495 1654 522 ora-

181 551 342 593 tionem
379 550 640 607 dispositam
672 565 772 592 esse
803 548 948 591 dicere
979 548 1172 597 videtur,
1202 557 1272 597 ut,
1303 548 1377 590 ubi
1410 548 1655 604 plurimum,

182 626 272 660 tres
305 625 453 675 partes
486 627 772 661 sumerentur.
832 616 917 660 Καὶ
953 616 1008 659 τὰ
1043 617 1124 671 μὲν
1156 619 1310 674 πρῶτα
1345 643 1390 649 —-
1426 618 1569 672 inquit
1604 643 1649 649 —

180 687 326 730 ἐκάλει
354 688 639 744 προοίμια,
668 685 722 728 τὰ
751 685 798 729 δὲ
828 684 1008 743 δεύτερα
1037 684 1240 728 ἐκάλεσεν
1270 683 1493 739 ἀγῶνας,
1523 685 1576 727 τὰ
1606 685 1655 728 δὲ

179 756 303 812 τρίτα
340 753 543 797 ἐκάλεσεν
587 754 879 808 ἐπιλόγους
924 754 967 807 (l.
1003 754 1027 795 l.
1060 768 1100 809 p.
1138 754 1217 807 13).
1278 753 1513 810 Utcunque
1552 755 1654 803 erit,

179 823 289 865 illud
337 823 510 865 demum
558 823 823 866 concludere
870 823 990 871 licet,
1036 837 1062 864 a.
1093 821 1258 864 Corace
1304 830 1347 864 et
1386 821 1655 878 disponendi

180 899 402 946 praecepta
434 891 537 932 data
569 906 669 933 esse
701 899 745 933 et
775 892 1021 940 orationes,
1054 904 1164 945 quas
1195 891 1293 945 ipse
1325 890 1547 940 habuerit,
1578 891 1655 932 ali-

179 974 268 1015 quo
315 966 436 1000 certo
470 959 623 1001 ordine
655 974 756 1001 esse
788 959 1045 1015 dispositas.
1108 957 1242 1010 Quod
1275 972 1326 999 eo
1360 957 1653 1000 confidentius

179 1027 325 1084 colligi
373 1034 542 1082 potest,
575 1026 694 1081 quod
721 1027 814 1083 jam
845 1042 871 1068 a
904 1035 1059 1069 natura
1088 1026 1149 1068 ita
1179 1026 1367 1067 instituti
1401 1041 1501 1068 esse
1532 1026 1654 1069 vide—

178 1110 293 1145 mur,
337 1102 387 1137 ut
417 1100 461 1137 et
491 1094 680 1137 blandiri
713 1093 756 1136 e't
786 1095 1050 1152 suppliciter
1077 1094 1296 1136 insinuare
1327 1094 1400 1144 iis,
1432 1109 1457 1136 a
1490 1095 1651 1150 quibus

178 1169 247 1205 est
277 1162 443 1218 aliquid
477 1162 736 1217 petendum,
768 1171 811 1204 et
842 1178 931 1204 rem
962 1170 1130 1219 gestam
1163 1177 1385 1218 exponere
1418 1170 1461 1204 et
1493 1163 1653 1205 confir-

180 1246 297 1273 mare
343 1240 387 1272 et
416 1230 473 1272 ad
505 1237 745 1271 extremum
777 1230 1004 1286 deprecari
1035 1229 1202 1286 aliquid
1233 1236 1277 1272 et
1306 1231 1517 1286 conqueri
1548 1245 1654 1287 pos-

181 1299 378 1341 simus⁴⁰.

296 1366 387 1409 Sed
418 1374 465 1408 ut
497 1366 552 1408 ad
586 1366 895 1408 Anaximenem
927 1371 1217 1416 revertamur,
1240 1366 1476 1422 dispositio
1498 1368 1554 1410 ab
1575 1368 1653 1411 illo

178 1434 297 1486 τάξις
327 1435 551 1491 appellata
582 1434 707 1475 estfl.
769 1432 871 1486 Quo
900 1434 1001 1489 ipso
1033 1434 1206 1476 nomine
1237 1435 1511 1491 posteriores
1544 1450 1654 1491 quo-

181 1517 266 1558 que
298 1502 470 1545 dicendi
503 1503 697 1559 magistri
729 1502 1034 1557 dispositionis
1066 1502 1287 1544 notionem
1309 1504 1655 1559 comprehende-

181 1576 300 1618 runt,
330 1577 379 1611 ut
426 1570 768 1612 Aristoteles
813 1569 1054 1617 Rhet.111‚
1089 1570 1140 1611 12
1172 1579 1301 1619 extr.,
1344 1571 1653 1629 Dionysius

179 1638 350 1679 Halic.
398 1637 453 1679 de
499 1637 704 1695 Thucyd.
733 1636 867 1693 judic.
901 1653 940 1692 p.
972 1637 1070 1687 826,
1100 1639 1127 1680 4
1158 1638 1319 1687 Reisk.‚
1380 1639 1652 1697 Syrianus

178 1706 326 1748 Schol.
349 1705 425 1755 IV,
448 1706 531 1747 574
560 1705 725 1749 Walz..
757 1704 948 1747 Theon
980 1705 1312 1763 Progymnasm.
1335 1707 1374 1755 I,
1402 1708 1501 1758 157,
1523 1709 1548 1750 3
1566 1708 1654 1758 W.,

177 1773 502 1828 Doxopater
528 1772 677 1827 ‘051OE
711 1772 774 1821 εἰς
802 1771 995 1828 Ἀφθόν.
1026 1774 1086 1821 11,
1124 1775 1299 1824 138,12
1323 1775 1417 1823 W.,
1440 1777 1655 1834 Anony-

176 1857 289 1884 mus
329 1840 574 1899 Προλεγόμ.
620 1842 705 1884 τῶν
751 1839 894 1899 εὑρέσ.
926 1841 1032 1890 VII,
1065 1842 1140 1892 53,
1171 1843 1198 1886 8
1229 1842 1323 1893 W.,
1356 1844 1439 1887 alii.
1489 1844 1655 1887 'Altera

178 1909 309 1963 hujus
342 1910 403 1949 rei
435 1909 676 1963 appellatio
709 1919 778 1951 est
824 1908 1131 1962 οἰκονομία,
1164 1925 1293 1966 quam
1327 1914 1493 1966 primus
1526 1928 1653 1955 usur-

178 1987 312 2031 passe
342 1975 517 2018 videtur
551 1975 940 2031 Hermagoras:
972 1975 1025 2018 cf.
1058 1976 1238 2029 Quintil.
1269 1978 1375 2020 Inst.
1409 1978 1483 2021 Or.
1515 1979 1653 2028 111‚3‚

177 2044 236 2085 9.:
267 2044 588 2101 ”Hermagoras
614 2044 848 2100 judicium,
882 2045 1179 2099 partitionem,
1212 2045 1430 2095 ordinem,
1463 2060 1652 2103 quaeque

178 2112 439 2155 elocutionis
486 2120 607 2162 sunt,
653 2112 832 2168 subjicit.
871 2113 1222 2163 oeconomiae,
1254 2128 1354 2170 quae
1387 2113 1542 2157 Graece
1573 2130 1652 2172 ap-

174 2180 338 2235 pellata
384 2194 439 2220 ex
478 2195 582 2222 cura
627 2195 770 2222 rerum
810 2181 1151 2222 domesticarum
1183 2191 1227 2222 et
1257 2181 1329 2222 hic
1362 2196 1441 2237 per
1472 2184 1652 2225 abusio-

172 2262 270 2290 nem
301 2248 450 2304 posita
481 2248 653 2290 nomine
684 2247 841 2290 Latino
873 2248 1027 2291 caret.”
1088 2247 1155 2292 Ac
1185 2249 1347 2307 legitur
1379 2251 1506 2293 etiam
1529 2249 1649 2307 apud

266 2384 312 2419 40
359 2383 491 2419 Verbis
518 2397 606 2420 usus
633 2399 712 2421 sum
738 2385 921 2423 Ciceronis
949 2387 994 2423 de
1019 2386 1118 2423 Orat.
1142 2387 1170 2430 1,
1197 2388 1253 2429 20,
1278 2386 1333 2422 90.

266 2453 307 2487 41
365 2451 508 2494 Tagae
533 2466 567 2500 p.
594 2454 672 2494 223,
696 2455 749 2489 24.
781 2453 917 2496 τάξιν
940 2456 1018 2497 238,
1044 2457 1077 2491 4.
1106 2454 1271 2496 τάξεις
1302 2455 1383 2498 174,
1408 2458 1464 2491 25.
1488 2455 1568 2497 223,
1595 2458 1650 2493 27.

170 2510 311 2557 Saepius
336 2512 446 2546 verbo
470 2509 663 2546 τάττειν
687 2524 761 2548 rem
787 2513 972 2561 significat,
997 2518 1035 2548 ut
1061 2514 1139 2554 214,
1164 2515 1197 2547 4.
1224 2513 1303 2555 220,
1328 2510 1382 2547 22.
1410 2513 1466 2550 30.
1491 2514 1571 2556 231,
1598 2514 1652 2549 15.

167 2566 505 2624 τάττομενι236,
531 2570 584 2603 20.
607 2568 851 2613 τάττωμεν
874 2569 953 2611 219,
983 2572 1035 2606 14.
1061 2568 1344 2615 21.,τάξομεν
1370 2571 1496 2614 218,8.
1522 2573 1601 2614 220,
1618 2572 1655 2607 7.

168 2622 249 2664 225,
275 2624 307 2658 3.
334 2625 388 2659 16.
413 2625 470 2660 27.
497 2625 575 2667 228,
602 2626 655 2660 24.
680 2626 761 2668 231,
786 2626 817 2661 6.
844 2626 922 2669 233,
947 2627 1004 2662 23.
1042 2628 1121 2669 237,
1146 2627 1203 2663 32.
1242 2626 1465 2673 τάξωμεν
1490 2628 1569 2671 227,
1595 2629 1654 2664 23.

164 2678 417 2718 τάττοντες
443 2682 524 2726 231,
550 2684 604 2717 25.
629 2681 708 2726 239,
735 2684 768 2718 3.
792 2686 994 2720 τακτέον
1018 2685 1096 2728 221,
1122 2685 1177 2721 15.
1203 2684 1283 2727 226,
1309 2685 1365 2720 27.
