1938 3153
185 713 257 781 In
301 754 459 796 magna
491 739 566 781 illa
597 745 664 782 tot
709 746 1019 797 tantorumque
1050 741 1315 797 scriptorum
1347 743 1476 798 copia
1508 749 1553 785 et
1584 757 1658 785 va-

184 812 358 856 rietate,
404 822 493 863 qua
532 806 710 848 Graecas
743 808 893 849 literas
926 808 1150 850 abundare
1182 815 1378 858 constat,
1409 810 1531 852 haud
1563 812 1657 852 scio

184 891 239 918 an
272 876 380 918 nulli
410 875 598 916 animum
628 874 813 930 legentis
837 883 912 916 aut
933 875 1081 916 subtili
1106 877 1419 918 sententiarum
1443 877 1660 933 elegantia

184 944 389 985 allectum
423 943 585 984 diutius
619 949 794 983 teneant
825 950 899 983 aut
932 943 1158 998 multiplici
1190 958 1333 985 rerum
1362 944 1564 986 ubertate
1586 960 1659 986 oc-

183 1016 390 1066 cupatum
424 1009 645 1051 delectent
676 1008 976 1051 vehementius
1009 1024 1138 1066 quam
1170 1011 1303 1056 Attici
1330 1010 1558 1054 Oratores,
1590 1012 1659 1055 Si-

183 1093 237 1119 ve
270 1078 381 1119 enim
413 1085 666 1132 spectamus
699 1090 769 1125 ea,
801 1090 900 1131 quae
930 1078 973 1118 in
1005 1092 1051 1118 re
1082 1080 1260 1134 publica
1290 1078 1407 1120 facta
1437 1086 1561 1129 sunt,
1582 1094 1656 1121 res

182 1145 337 1202 populi
368 1145 422 1187 ab
454 1144 676 1186 historicis
709 1144 977 1199 perscriptas
1011 1145 1132 1188 velut
1162 1161 1185 1188 e
1217 1147 1458 1202 longinquo
1492 1160 1657 1203 cogno-

180 1214 365 1263 scimus,
396 1214 451 1254 ab
484 1213 734 1254 oratoribus
767 1212 887 1252 velut
918 1213 1058 1254 oculis
1088 1215 1312 1270 subjectas
1334 1215 1555 1257 intuemur
1576 1230 1657 1257 nec

181 1280 326 1338 legere
358 1280 494 1336 magis
527 1280 749 1322 orationes
782 1293 931 1320 eorum
963 1294 1092 1335 quam
1117 1281 1270 1323 audire
1292 1281 1419 1322 nobis
1446 1281 1656 1324 videmur.

179 1348 245 1390 Ac
288 1362 456 1396 mores,
501 1348 723 1395 instituta,
763 1347 923 1388 victum
956 1348 1209 1403 cultumque
1243 1356 1435 1389 veterum
1469 1350 1506 1389 si
1537 1350 1657 1391 inve-

179 1416 344 1470 stigare
389 1416 608 1470 cupimus,
656 1428 709 1455 ea
749 1415 891 1455 omnia
923 1415 965 1455 in
998 1416 1270 1456 orationibus
1304 1430 1475 1464 eorum,
1507 1417 1583 1471 qui
1613 1417 1656 1458 in

179 1484 489 1526 certaminibus
524 1482 687 1523 versari
718 1481 837 1522 soliti
868 1489 975 1523 sunt
1005 1482 1373 1539 disceptationum
1395 1482 1656 1534 forensium,

180 1567 266 1594 non
300 1558 386 1593 tam
418 1549 606 1593 dicendo
639 1554 837 1590 enarrata
861 1548 1060 1591 videmus
1083 1565 1212 1606 quam
1234 1565 1446 1607 expressa
1468 1551 1655 1608 agendo.

176 1619 282 1662 Sive
314 1619 370 1661 ad
402 1633 647 1660 sermonem
681 1625 903 1659 oratorum
937 1624 980 1660 et
1011 1618 1247 1674 eloquendi
1279 1618 1532 1662 facultatem
1564 1620 1654 1661 ani·

178 1701 294 1729 mum
326 1686 615 1734 advertimus,
650 1687 721 1726 vix
752 1685 928 1726 aliunde
960 1686 1225 1728 luculentius
1257 1693 1460 1743 apparet,
1493 1700 1579 1742 qua
1610 1688 1653 1729 in

179 1753 310 1797 laude
343 1754 489 1813 lingua
521 1754 745 1809 literaeque
779 1751 1033 1795 Graecorum
1064 1753 1283 1810 ponendae
1315 1754 1414 1797 sint.

295 1823 376 1865 His
424 1837 505 1879 ego
547 1822 602 1864 de
637 1822 783 1864 causis
816 1836 950 1876 quum
981 1821 1038 1863 ad
1071 1828 1272 1864 oratores
1302 1822 1406 1864 illos
1438 1823 1653 1880 legendos

178 1905 245 1932 me
290 1890 588 1938 conferebam,
637 1900 727 1930 tum
759 1889 871 1929 inter
904 1888 1136 1944 legendum
1167 1889 1225 1931 ad
1256 1889 1301 1930 id
1335 1890 1518 1932 maxime
1549 1905 1653 1932 con-

178 1958 476 2016 templandum
515 1958 749 2006 invitabar,
787 1956 894 2012 quid
926 1957 1115 2012 quisque
1146 1972 1297 1999 eorum
1328 1958 1386 2000 ad
1418 1958 1652 2002 dicendum

175 2041 232 2069 ex
277 2035 370 2068 arte
415 2032 459 2067 et
488 2026 656 2067 ratione
688 2023 890 2065 deferret.
950 2024 1023 2066 Sic
1053 2031 1196 2065 autem
1229 2025 1476 2067 sent-iebant
1508 2025 1651 2067 Graeci

57 2076 153 2167 ⁶
176 2102 370 2144 veteres.
403 2102 470 2143 ut,
503 2093 703 2150 quisquis
734 2093 776 2133 in
809 2093 1062 2134 concionem
1095 2093 1249 2149 populi
1280 2093 1449 2136 veniret
1479 2102 1555 2136 aut
1585 2093 1652 2136 fo-

87 2163 89 2166 ’
175 2178 270 2205 rum
317 2163 569 2219 attingeret,
614 2169 708 2203 arte
754 2175 850 2202 eum
890 2167 934 2202 et
966 2161 1166 2203 doctrina
1196 2162 1458 2204 instructum
1488 2162 1547 2204 ad
1577 2162 1653 2204 illa

175 2231 386 2275 accedere
416 2230 485 2273 fas
517 2244 618 2273 esse
649 2229 975 2273 arbitrarentur.
1037 2229 1202 2273 Verum
1235 2231 1413 2288 quidem
1445 2237 1532 2280 est,
1566 2245 1652 2272 non

175 2300 339 2348 omnia,
371 2313 471 2355 quae
502 2299 558 2341 ad
592 2300 676 2341 vim
709 2298 883 2340 dicendi
916 2299 1180 2355 pertineant,
1212 2307 1304 2342 arte
1337 2306 1382 2341 et
1420 2298 1653 2355 disciplina

174 2366 491 2424 comprehendi
521 2382 658 2423 posse
670 2367 699 2410 ¹.
759 2366 939 2408 Indoles
965 2367 1075 2409 enim
1098 2367 1155 2410 ad
1177 2369 1287 2410 bene
1310 2366 1543 2415 dicendum
1565 2381 1653 2408 ma·

275 2482 288 2515 1
317 2480 369 2517 Cf.
396 2479 540 2523 Quintil.
567 2479 682 2517 Instit.
709 2480 810 2516 Orat.
836 2480 941 2522 Vm,
976 2480 1141 2516 Prooem.
1168 2480 1186 2526 ἓ
1214 2481 1269 2515 12.
1329 2480 1437 2516 Cei-ta
1474 2481 1652 2528 quaedam

174 2538 232 2573 via
255 2544 330 2580 est,
357 2545 393 2573 et
417 2539 452 2573 in
479 2549 549 2584 qua
574 2538 685 2571 multa
710 2540 815 2573 etiam
842 2539 919 2573 sine
949 2538 1111 2573 doctrina
1136 2547 1322 2584 praestare
1356 2538 1489 2573 debeat
1521 2550 1586 2585 per
1611 2550 1652 2573 se

174 2595 257 2644 ipsa
280 2602 425 2639 natura,
450 2600 489 2630 ut
514 2595 620 2636 haee,
646 2595 691 2631 de
718 2596 847 2642 quibus
874 2595 963 2638 dixi,
989 2607 1062 2631 non
1087 2602 1159 2630 tam
1185 2596 1330 2631 inventa
1360 2608 1381 2631 a
1405 2596 1651 2644 praeceptori-

174 2654 243 2743 ἔξω
271 2666 394 2701 quam,
419 2665 499 2690 cum
524 2654 667 2697 fierent,
700 2654 893 2691 observata
919 2666 1003 2691 esse
1027 2654 1224 2692 videantur.
1282 2654 1334 2690 Cf.
1361 2654 1434 2691 Cic.
1460 2654 1505 2690 de
1532 2653 1592 2689 Or.
1617 2653 1652 2697 Ι,

218 2734 230 2751 ‚
255 2710 336 2748 109.
