1938 3153
1563 180 1619 225 85

198 295 282 349 ἐγὼ
303 295 400 350 μὲν
420 286 681 344 οὖνδεδιώς
702 320 719 328 -
738 321 756 329 -
776 294 903 350 ὖμεῖς
917 294 973 338 δὲ
988 294 1076 337 κτλ.
1100 319 1117 327 ·-
1132 319 1162 336 -.
1181 294 1235 344 V,
1250 296 1275 337 7
1292 293 1320 352 ἡ
1336 294 1433 349 μὲν
1447 286 1542 337 οὖν
1557 294 1679 353 αἴτη-

202 374 292 415 σις,
338 356 371 404 ὦ
414 362 586 421 ἄνδρες,
631 363 705 406 καὶ
741 365 938 418 νομίμως
968 361 1042 405 καὶ
1073 361 1207 410 ὁσίως
1237 363 1400 415 ἔχουσα
1421 389 1438 396 -
1459 389 1476 397 -
1496 363 1602 421 περὶ
1631 363 1681 407 δὲ

201 432 288 475 τῶν
331 435 693 491 κατηγορημένων
737 433 825 475 κτλ.
844 432 881 457 ⁹⁰
928 430 1097 474 Andoo.
1148 432 1180 479 Ι,
1209 434 1236 474 8
1266 433 1432 474 Σκοπῶ
1461 431 1555 486 μὲν
1585 424 1680 475 οὖν

202 500 356 553 ἔγωγε,
388 493 421 543 ὦ
451 500 623 558 ἄνδρες,
645 526 662 533 -
682 526 699 533 -
720 498 746 543 δ’
768 502 825 543 δέ
838 515 895 553 με
914 505 1042 541 ποιεῖ
1051 497 1227 553 μάλιστ’
1242 496 1441 556 α’πορεῐν.
1461 515 1520 541 or.
1538 501 1600 542 IV
1619 502 1678 556 (in

204 568 361 623 Alcib.)
385 568 410 626 §
442 570 468 612 7
498 568 604 626 περὶ
631 568 726 624 μὲν
741 560 835 611 οὖν
855 565 1022 609 τούτων
1043 592 1060 599 -
1081 592 1098 599 -
1119 591 1135 599 -
1155 567 1309 622 δέομαι
1325 564 1365 610 δ’
1379 565 1502 622 ὑμῶν
1517 567 1606 610 κτλ.
1630 593 1672 600 -

200 636 251 679 In
297 638 521 694 epilogo
568 638 733 693 Antiph
792 637 852 681 ΙΙ,
885 639 932 690 β,
969 635 1019 677 12
1051 635 1232 683 τούτους
1260 635 1357 689 μὲν
1388 628 1482 678 οὖν
1512 635 1681 678 τούτων

202 700 351 755 α’ξίους
382 703 510 753 ὄντας
538 701 755 753 ἀπίστους
785 703 985 763 ἡγεῖσθε·
1017 702 1093 757 ἐμὲ
1124 702 1177 746 δὲ
1207 703 1296 746 κτλ.
1330 704 1355 746 1.
1387 703 1456 761 1.§
1481 704 1529 746 13
1545 705 1680 746 ταῦτα

202 772 298 827 μὲν
341 766 434 816 οὗν
478 773 802 831 ἐπιεικέστερον
828 769 876 831 ἢ
905 772 1176 829 δικαιότερον
1223 772 1425 830 παρήσω·
1455 774 1610 827 δέομαι
1626 766 1682 816 ‘6'

201 839 337 896 ὑμῶν.
398 842 461 884 Id.
495 842 571 890 IV,
603 856 640 895 y,
672 843 698 884 6
731 852 836 884 extr.
870 840 1010 896 τούτῳ
1041 839 1135 894 μὲν
1162 832 1254 882 οὖν
1273 843 1439 898 πρέπει
1455 839 1529 882 καὶ
1543 842 1680 884 ταῦτα

202 909 276 953 καὶ
321 911 387 953 ἔτι
423 910 592 954 τούτων
621 910 845 968 δεινότερα
866 936 883 943 -
904 935 921 942 -
941 909 1067 967 ἡμεῖς
1096 910 1122 951 δ’
1131 908 1151 951 ὲ
1182 909 1271 951 κτλ.
1332 909 1394 951 Id.
1428 910 1480 958 V,
1512 910 1567 953 96
1601 912 1681 954 νῦν

205 978 298 1032 μὲν
331 971 423 1021 οὖν
454 976 826 1036 ἇποψηφίσασθὲ
854 992 941 1030 μου
971 977 1018 1018 ἐν
1049 976 1102 1018 δὲ
1131 978 1186 1033 τῇ
1214 978 1293 1018 τοῦ
1310 975 1454 1032 φόνου
1468 978 1567 1035 δίκῃ
1588 978 1678 1020 κτλ.

205 1047 375 1090 Andoc.
408 1048 480 1097 III,
512 1048 562 1089 41
597 1049 833 1105 μέμνησθε
869 1044 964 1100 μὲν
1002 1037 1105 1090 οὖν.
1139 1037 1562 1103 ὦἈθηναῖοι,τούς
1577 1044 1681 1104 ἡμε-

202 1117 352 1172 τέρους
380 1115 549 1169 λόγους,
566 1117 842 1173 ψηφίσασθε
857 1114 912 1156 δὲ
928 1114 1016 1155 κτλ.
1034 1139 1075 1146 -
1093 1115 1138 1155 In
1172 1114 1385 1170 reliqua
1418 1130 1444 1155 o
1458 1129 1510 1155 ra
1526 1115 1676 1156 tione

204 1182 383 1240 Antiph.
416 1184 469 1233 V,
514 1184 564 1227 81
616 1179 699 1227 ὅσα
743 1183 837 1238 μὲν
875 1174 967 1226 οὖν
1000 1183 1049 1225 ἐκ
1078 1184 1162 1225 τῶν
1192 1179 1492 1240 ἀνθρωπίνων
1514 1208 1530 1215 -
1552 1208 1569 1215 -
1589 1181 1673 1240 χρὴ

206 1251 232 1292 δ
241 1250 262 1292 ὲ
291 1249 364 1292 καὶ
394 1256 486 1298 τοῖς
516 1249 607 1293 ἀπὸ
640 1253 727 1293 τῶν
755 1253 877 1293 θεῶν
908 1251 996 1291 κτλ.
1057 1251 1120 1291 ld.
1153 1251 1234 1297 VI,
1273 1252 1321 1291 16
1352 1251 1679 1307 μεμαρτύρηται

203 1317 298 1373 μὲν
329 1310 420 1362 οὖν
451 1318 539 1361 κτλ.
555 1318 589 1345 ⁹¹
624 1318 793 1361 Andoc.
824 1319 863 1368 I,
896 1318 949 1360 59
980 1319 1116 1360 ταῦτα
1153 1316 1251 1372 μὲν
1282 1310 1372 1360 οὖν
1402 1311 1457 1376 ἣν
1487 1317 1595 1373 ἐμοῦ
1614 1318 1676 1377 μὴ

203 1386 421 1434 εἰπόντος.
452 1386 591 1429 εἰπών
621 1386 676 1429 δὲ
705 1387 759 1428 τὰ
790 1385 896 1428 ὄντα
928 1387 1017 1427 κτλ.
1079 1387 1140 1428 Id.
1178 1388 1202 1428 1.
1235 1387 1260 1428 1.
1286 1386 1311 1442 §
1338 1387 1418 1428 136
1437 1386 1680 1440 ταῦταμὲν

205 1446 316 1508 οὖν,
364 1447 397 1497 ὦ
441 1453 594 1513 ἄνδρες
633 1453 857 1508 δικασταὶ,
886 1454 1059 1503 τούτοις
1090 1456 1278 1513 ποιητέα
1309 1446 1377 1512 ἦν,
1409 1452 1514 1509 ὑμῖν
1543 1455 1600 1497 δέ
1634 1469 1682 1510 γε

203 1523 254 1566 τὸ
286 1522 495 1567 ἐναντίον.
557 1525 619 1566 Id.
651 1525 674 1579 ξ
705 1528 772 1573 111,
810 1524 858 1565 12
891 1538 956 1579 sq.
988 1522 1094 1581 περὶ
1122 1523 1216 1577 μὲν
1248 1517 1339 1566 οὖν
1358 1523 1525 1566 τούτων
1544 1526 1680 1567 ταῦτα

200 1591 324 1645 λέγω.
359 1591 472 1647 φασὶ
502 1593 559 1635 δέ
586 1606 700 1641 τινες
731 1592 820 1634 κτλ.
882 1592 944 1634 Id.
976 1596 1010 1641 I,
1042 1593 1098 1636 70
1128 1591 1233 1649 περὶ
1262 1591 1357 1646 μὲν
1389 1584 1481 1634 οὖν
1501 1594 1586 1635 τῶν
1612 1607 1678 1647 γε-

204 1663 399 1715 νομένων
432 1658 649 1718 ἇκηκόατε
670 1686 687 1694 -
708 1687 725 1693 -
746 1686 763 1693 -
783 1659 888 1717 περὶ
918 1659 972 1703 δὲ
1001 1662 1087 1703 τῶν
1115 1660 1263 1714 νόμων
1286 1660 1377 1702 τκλ.
1410 1661 1471 1703 Id.
1493 1662 1517 1703 1.
1536 1662 1560 1704 l.
1580 1661 1677 1717 §85

203 1727 566 1787 ἐδοκιμάσθησαν
594 1728 689 1783 μὲν
704 1722 797 1772 οὗν
812 1730 859 1771 οἱ
870 1728 1001 1783 νόμοι
1012 1761 1025 1781 ,
1043 1721 1076 1770 ὦ
1090 1728 1263 1786 ἄνδρες,
1285 1754 1302 1762 -
1322 1753 1339 1760 -
1360 1728 1460 1772 ἐπεὶ
1480 1730 1506 1772 δ
1513 1729 1534 1772 ὲ
1550 1730 1679 1772 κτλ.*’2

320 1795 434 1839 Tum
476 1813 581 1839 vero
613 1797 875 1851 παλιλλογία
922 1813 1029 1840 voce
1073 1801 1168 1851 μέν
1199 1798 1479 1854 significat-ur,
1510 1797 1681 1855 πρόθε-

207 1874 277 1910 σις
306 1877 415 1905 voce
445 1864 513 1905 δέ.
574 1863 671 1916 Qua
718 1865 938 1906 locutione
972 1867 1183 1907 transitus
1216 1866 1406 1906 munitur
1437 1881 1459 1906 a
1500 1881 1681 1908 narra-

204 1931 355 1973 tione
387 1931 442 1973 ad
474 1934 766 1987 βεβαίωσιν
799 1948 867 1989 ap.
898 1934 1077 1989 Antiph.
1113 1934 1164 1982 V,
1196 1934 1250 1975 25
1281 1932 1334 1975 τὰ
1354 1932 1448 1986 μὲν
1469 1934 1683 1988 γενόμενα

205 1995 328 2041 ταῦτ’
370 1999 505 2042 ἔστιν·
557 2000 607 2043 ἐκ
644 1999 698 2044 δὲ
729 2000 897 2044 τούτων
930 1999 1016 2060 ἤδη
1048 2007 1257 2044 σκοπεῖτε
1287 2001 1338 2043 τὰ
1370 1999 1531 2043 εἰκότα.
1591 2004 1679 2045 An-

300 2124 346 2158 90
395 2124 563 2159 Similiter
604 2126 848 2173 similibusque
886 2128 1068 2173 pamiculis
1107 2139 1193 2162 usus
1233 2127 1374 2173 Antiph.
1403 2126 1448 2167 V,
1479 2127 1518 2158 19
1545 2122 1679 2159 οὑτωσὶ

205 2180 292 2225 μὲν
315 2178 369 2225 δή
393 2179 546 2218 πολλοῖς
569 2180 795 2219 ἐλασσωθεὶς
818 2184 893 2218 τῶν
915 2182 1040 2228 νόμων
1058 2204 1074 2212 -
1096 2204 1112 2212 -
1138 2182 1239 2229 ὅμως
1262 2185 1430 2228 μέντοι
1452 2195 1492 2229 γε
1516 2179 1591 2216 κτλ.

297 2237 340 2272 91
392 2237 446 2272 De
473 2251 544 2285 quo
571 2241 653 2273 loco
680 2241 721 2274 cf.
750 2249 868 2275 annot.
896 2241 949 2274 89.

299 2295 344 2330 92
392 2295 436 2330 Ηί
464 2296 535 2331 duo
563 2297 632 2332 loci
660 2298 802 2333 Andoc.
828 2298 855 2338 1,
883 2299 937 2333 70.
962 2298 1006 2333 85
1032 2299 1065 2333 in
1092 2298 1217 2334 eadem
1240 2300 1378 2333 ratione
1398 2305 1498 2339 sunt,
1524 2310 1592 2344 qua
1613 2309 1679 2332 eos

205 2354 483 2387 monstravimus
509 2365 612 2395 esse,
639 2355 683 2389 de
711 2356 839 2402 quibus
868 2363 987 2390 annot.
1014 2356 1059 2389 89
1086 2356 1251 2390 diximus.
1307 2356 1472 2389 Ceterum
1501 2355 1618 2388 muhis
1645 2355 1681 2388 in

204 2410 295 2445 locis
321 2410 496 2445 invenitur
522 2411 596 2446 haec
615 2412 785 2459 loquendi
814 2413 926 2447 forma
953 2413 1035 2457 (μὲν
1060 2406 1123 2447 οὖν
1148 2433 1185 2439 -
1217 2409 1272 2454 δέ)
1298 2424 1368 2446 non
1396 2413 1428 2446 in
1455 2411 1679 2446 transitionis

203 2469 342 2504 ratione
366 2469 506 2516 posita,
542 2469 608 2504 sed
646 2470 693 2503 ita
731 2478 921 2517 usurpata,
947 2477 986 2505 ut
1010 2470 1187 2518 quandam
1216 2471 1412 2517 argumenti
1438 2470 1680 2516 praemunitio-

203 2537 285 2561 nem
308 2527 493 2574 significet.
543 2526 596 2560 Cf.
623 2536 741 2561 annot.
768 2527 823 2561 88.
881 2528 925 2562 Hi
955 2529 1026 2562 loci
1059 2528 1154 2575 apud
1182 2528 1439 2575 Antiphontem
1466 2534 1551 2563 sunt
1576 2540 1625 2561 or.
1651 2527 1679 2567 1,

206 2584 251 2619 13
275 2584 367 2628 init-3
398 2583 453 2619 20.
490 2584 557 2626 111,
584 2580 619 2626 ὃ,
649 2583 678 2620 8.
721 2584 786 2627 IV,
810 2588 848 2633 β,
874 2584 906 2621 2.
932 2582 967 2627 δ,
996 2586 1033 2629 1;
1067 2587 1104 2628 2;
1132 2588 1161 2621 5.
1203 2585 1249 2628 V,
1273 2584 1296 2621 8
1326 2586 1389 2630 (de
1423 2598 1494 2633 quo
1524 2586 1606 2621 loco
1633 2585 1677 2620 ef.

204 2641 385 2677 Maetzner.
411 2642 608 2678 comment.
635 2643 679 2677 ad
706 2642 770 2684 IV,
794 2656 827 2689 γ,
854 2645 919 2686 9.);
945 2645 1007 2682 33:
1032 2644 1095 2685 37;
1122 2645 1182 2684 76;
1208 2645 1264 2678 94.
1291 2644 1353 2684 Vl,
1371 2645 1402 2685 3,
1429 2644 1522 2690 apud
1550 2643 1678 2678 Ando-

203 2698 319 2733 cidem
345 2711 397 2734 or.
422 2700 448 2740 Ι,
474 2701 512 2742 9;
540 2700 624 2742 119;
653 2699 731 2734 139.
756 2699 816 2741 111,
845 2700 904 2740 12;
928 2701 991 2743 283
1018 2701 1079 2742 38;
1104 2701 1168 2744 IV,
1192 2701 1231 2743 23
1258 2702 1318 2742 ll;
1345 2701 1405 2737 19:
1430 2702 1492 2742 292,
1518 2701 1572 2735 39.
