1938 3153
314 207 370 250 74

253 322 458 365 restituta
502 322 707 377 populari
739 326 962 378 potestat-e
993 319 1190 365 Athenas
1224 322 1449 379 profectus
1482 324 1524 366 in
1556 324 1731 366 concio-

253 403 353 430 nem
399 389 553 444 populi
601 389 765 445 prodiit
804 390 1130 445 impetraturus,
1161 398 1210 431 ut
1240 391 1283 431 in
1315 391 1534 432 civitatem
1565 392 1732 446 recipe-

252 462 384 498 retur.
449 456 548 498 Hoc
593 463 792 512 tempore
837 456 950 498 hane
1000 457 1241 499 orationem
1275 457 1429 499 habuit
1460 458 1730 500 Andocides.

253 523 390 575 Quod
437 538 569 584 quuaem
617 538 704 564 non
737 530 856 564 esset
887 524 951 571 id,
984 524 1105 578 quod
1140 525 1336 572 volebat,
1368 534 1656 573 consecutus,
1686 526 1728 566 in

252 593 456 634 exsilium
489 593 656 648 ejectus
688 596 768 632 est.
829 589 986 633 Partes
1019 592 1229 633 orationis
1261 592 1330 635 hae
1362 599 1475 633 sunt.

313 660 628 715 Προοίμιον.
661 658 687 713 §
726 659 844 701 1-9,

249 726 282 768 1.
342 726 374 780 ¹)
406 726 626 768 Beneficio
656 726 969 782 rempublicam
1001 726 1211 769 affectum
1243 727 1346 769 mihi
1377 728 1414 769 si
1461 728 1561 783 quis
1601 742 1729 783 repu-

336 793 558 850 gnandum
591 800 762 843 censet,
792 794 970 850 indigne
1001 795 1069 850 agi
1087 795 1141 835 ab
1160 795 1235 836 illo
1258 796 1432 837 videt-ur
1448 796 1495 838 ⁷³.
1521 795 1546 851 S
1569 797 1600 837 1.
1618 794 1728 851 πρό-

338 863 488 913 θεσις,
520 861 577 903 de
608 876 696 917 qua
727 861 780 904 ef.
815 862 1009 904 Anaxim.
1044 877 1082 917 p.
1116 862 1210 909 223,
1243 863 1298 905 28
1328 877 1394 917 sq.

309 929 345 980 ²)
378 929 525 982 Quum
556 943 640 984 ego
663 936 861 971 senatum
894 930 1122 971 certiorem
1156 929 1371 979 fecissem,
1387 932 1430 972 in
1451 945 1517 972 me
1534 944 1634 972 esse
1651 930 1732 970 rei-

339 998 530 1053 publicae
561 1012 776 1039 summum
807 996 916 1039 illud
950 997 1125 1053 quidem
1158 998 1237 1040 sed
1269 999 1464 1041 nonduin
1500 997 1727 1054 divulgan-

337 1066 441 1107 dum
474 1064 754 1106 commodum
787 1065 961 1111 afferre,
992 1064 1187 1114 fuerunt,
1220 1067 1293 1120 qui
1325 1081 1440 1122 aegre
1457 1067 1631 1113 ferrent,
1648 1067 1730 1107 rei-

337 1133 528 1190 publicae
573 1147 641 1173 me
689 1131 906 1187 prodesse
979 1132 1105 1184 Quos
1151 1142 1226 1174 aut
1271 1147 1415 1174 rerum
1455 1134 1727 1189 publicarum

335 1200 691 1256 imperitissimos
723 1206 798 1241 aut·
829 1199 992 1240 civitati
1024 1200 1467 1242 malevolentissimos
1486 1201 1634 1242 haberi
1656 1215 1727 1240 ne-

337 1282 464 1311 eesse
496 1275 575 1309 est.
608 1266 634 1324 §
666 1267 791 1309 2-3,
823 1265 901 1308 ἐπὶ
930 1265 981 1307 τὸ
1014 1269 1263 1323 προσέχειν.
1284 1267 1636 1325 προκατάληψις.
1664 1265 1727 1309 Cf.

334 1338 475 1379 AnaX.
506 1336 602 1382 218,
640 1336 701 1376 13.
734 1335 829 1382 216,
867 1334 1043 1376 17-25,

306 1406 340 1460 ³)
375 1404 461 1458 Qui
493 1402 596 1444 mihi
628 1417 745 1444 nune
775 1401 1061 1451 maledicunt,
1080 1417 1167 1443 non
1185 1416 1265 1443 sua
1287 1409 1447 1457 sponte
1469 1402 1530 1443 illi
1549 1401 1725 1457 quidem

337 1473 418 1514 sed
465 1472 520 1512 ab
571 1471 668 1512 aliis
708 1470 910 1511 instructi
942 1476 986 1510 et.
1017 1470 1245 1511 subornati
1277 1470 1320 1511 id
1353 1470 1529 1512 faciunt.
1561 1469 1586 1525 §
1618 1470 1729 1510 4--5

334 1540 424 1582 init.
458 1537 522 1579 Cf.
555 1537 694 1578 Anax.
726 1535 824 1584 216,
856 1537 893 1578 7.
925 1536 1172 1588 κακολογία.

247 1609 299 1650 ΙΙ.
332 1605 639 1661 Imprudenter
670 1603 773 1645 mihi
805 1603 981 1659 quidem
1013 1603 1252 1658 aliquando
1284 1604 1373 1660 egi,
1404 1603 1484 1646 sed
1508 1604 1635 1646 vobis
1659 1618 1727 1645 sa-

336 1674 532 1717 lubriter.

245 1842 344 1871 esse,
369 1829 551 1877 perhibet,
578 1829 755 1864 sententia
782 1829 859 1876 ejus
887 1840 993 1875 quum
1020 1827 1115 1862 facta
1146 1838 1262 1862 rerum
1301 1807 1559 1874 dispositaruiii
1590 1828 1724 1862 descri-

250 1889 378 1936 ptione
421 1886 597 1921 refutatur
637 1894 710 1920 tum
752 1887 980 1933 impugnatur
1017 1887 1060 1919 ab
1099 1885 1143 1918 A.
1178 1884 1220 1919 G.
1255 1885 1400 1920 Becker.
1440 1886 1583 1920 Andok.
1610 1898 1644 1931 p.
1671 1886 1727 1926 36,

248 1951 369 1980 annot.
400 1944 476 1978 120.

345 2012 388 2046 73
437 2013 461 2056 §
489 2012 507 2044 1
535 2008 630 2045 ὅπου
654 2011 783 2055 μέντοι
821 2007 882 2044 δεῖ
914 2010 982 2052 τήν
1015 2006 1124 2042 πόλιν
1156 2007 1222 2052 ἐμέ
1257 2021 1294 2042 τι
1315 2008 1474 2052 ποιῆσαι
1510 2007 1666 2056 ἀγαθὸν,
1694 2011 1733 2045 εἴ

243 2082 300 2106 τις
330 2069 467 2115 ἑτέρως
484 2065 658 2114 βούλοιτο
683 2064 775 2111 ἐμοῦ
795 2067 943 2106 κακίων,
972 2063 1187 2100 δεινότατον
1211 2062 1387 2099 ἁπάντων
1407 2064 1608 2112 χρημάτων
1624 2063 1731 2112 ἡγοῦ-

244 2140 334 2172 μαι,
378 2122 415 2160 εἷ
447 2124 500 2168 τῷ
539 2124 609 2168 μὲν
647 2121 753 2158 δοκεῖ
776 2122 893 2158 ταῦτοι
928 2123 980 2166 τῷ
1018 2119 1058 2156 δὲ
1099 2123 1171 2166 μή,
1211 2119 1300 2154 ἀλλὰ
1334 2122 1385 2165 μὴ
1424 2122 1538 2156 πᾶσιν
1571 2120 1726 2167 ὁμοίως.

247 2184 408 2218 Tui-iem:
423 2202 439 2209 -
454 2202 470 2209 -
495 2179 522 2224 ἢ
544 2180 583 2215 εἴ
598 2191 656 2216 τις
678 2178 843 2223 ’ἕτερος
864 2177 1039 2225 βούλοιτο
1064 2176 1154 2221 ἐμοῦ
1178 2175 1253 2210 κτλ.
1304 2176 1356 2211 cf.
1384 2177 1726 2219 1)0breens1,185..

244 2240 436 2285 Emperius
463 2250 497 2283 p.
523 2237 600 2270 211.
651 2241 700 2270 At
726 2236 764 2270 εἴ
786 2248 842 2271 τις
867 2236 1002 2280 ἑτέρως
1036 2234 1242 2268 necessario
1277 2235 1474 2280 requiritur.
1531 2234 1623 2269 Nam
1650 2247 1722 2270 non

239 2297 279 2333 in
305 2296 371 2329 hee
397 2292 568 2340 ponenda
594 2292 850 2326 denberatione
877 2298 1041 2325 versatur
1066 2297 1198 2329 orator,
1230 2297 1371 2324 utrum
1408 2291 1486 2337 ipse
1523 2291 1723 2337 reipublicae

244 2354 340 2388 bene
367 2351 491 2390 faciat,
519 2361 569 2383 an
596 2349 709 2382 alter
735 2348 844 2386 male,
871 2347 936 2381 sed
961 2358 1089 2392 quum
1116 2347 1195 2391 ipse
1221 2348 1400 2381 commodi
1427 2347 1559 2394 aliquid
1597 2347 1723 2384 affers-e

245 2411 332 2446 velit
357 2406 580 2455 reipublicae,
607 2406 643 2440 si
670 2405 750 2451 quis
779 2404 914 2438 aliter
939 2410 1046 2450 atque
1072 2404 1150 2449 ipse
1178 2410 1276 2449 agat,
1312 2404 1492 2451 indignum
1519 2416 1604 2440 esse
1630 2405 1723 2439 affir-

244 2473 337 2508 met,
379 2466 409 2500 si
451 2464 646 2499 diversae
689 2462 735 2497 de
776 2462 843 2496 hue
884 2472 923 2496 re
963 2462 1090 2496 futurae
1121 2460 1192 2494 sint
1230 2460 1493 2497 decernentium
1526 2462 1723 2497 sententiae.

243 2524 398 2559 Κακίων
421 2527 539 2556 nutem
563 2523 595 2556 si
622 2521 786 2560 abesset,
812 2531 884 2554 non
911 2530 1078 2554 morarer.
1128 2517 1235 2554 Certe
1259 2532 1330 2554 non
1365 2520 1408 2555 ab
1437 2518 1625 2555 Andocide
1660 2530 1722 2552 xa-

245 2582 339 2616 κίων
359 2580 531 2626 seriptum
559 2585 626 2615 est.
675 2578 775 2614 Fort.
802 2578 870 2624 leg.
893 2576 1077 2616 nant-v,
1108 2581 1148 2611 ut
1171 2576 1220 2611 sit
1244 2574 1335 2622 ἐμοῦ
1363 2577 1492 2615 κακίω(
1524 2576 1623 2609 vocis
1650 2573 1726 2609 έτέ-

245 2650 326 2684 ρωε
352 2637 497 2671 uberius
516 2636 734 2683 explicanda
751 2646 863 2670 eausa
890 2633 1059 2668 additum.
1111 2632 1281 2668 Similiter
1303 2635 1328 2676 δ
1354 2634 1396 2667 11
1424 2630 1554 2666 αὐτίκα
1571 2630 1725 2666 utere.

243 2695 271 2738 S
301 2697 320 2730 4
350 2692 542 2740 ἑτέρους
567 2689 607 2727 δὲ
634 2688 893 2737 εἰσπέμπουσι,
922 2687 1120 2726 τούτους
1143 2687 1423 2736 ἀνθρώπους
1444 2685 1541 2728 usk,
1570 2688 1610 2721 al.
